2152 4078
283 255 415 336 Physicae
434 255 646 324 Particularis.
721 327 723 332 ,
791 281 828 336 43

70 341 351 418 tumenabtaserit,
373 341 520 418 soluerit,
534 342 625 416 inque
641 359 673 404 se
693 355 790 403 toturn
812 361 874 406 rra·

69 419 278 496 (lu-temporis
300 417 506 485 transfuderit.
528 423 614 485 Hane
635 420 789 486 secundum
811 425 872 502 opi·

68 504 184 568 trionem
198 503 398 576 ¹'propugnavit
420 499 582 579 llallejus,
613 501 661 575 qui
690 500 812 566 ulterius
831 525 872 568 ux

33 613 35 616 ·
66 584 153 648 maris
173 580 314 650 salsense
323 580 422 646 mundi
444 595 567 646 aetatem
589 577 683 658 colligi
703 603 785 660 posse
804 585 872 648 ce'n-

66 664 146 726 suit:
169 671 293 740 nempe,
324 663 348 724 si
361 683 404 725 ¹err
425 661 673 724 obseruationibus
695 681 800 727 notum
821 664 873 728 hrt

65 761 212 821 quantum
236 741 383 806 salsedinis
403 744 614 818 incrementum
633 743 764 820 requirat
785 746 873 808 muri-

65 846 105 887 na
126 845 201 901 aqua
226 843 284 888 roo
301 841 441 888 annorum
462 821 575 900 sputi03
603 819 737 887 elicietur
758 847 807 903 pet
828 848 873 890 re-

66 903 401 983 gotthorumque
421 903 693 980 praecesserintanoi
715 924 871 982 antequem

70 1007 157 1050 mare
173 1001 346 1063 ptaesentetn
373 983 541 1059 acquisierit
558 981 734 1046 salsedinem
751 1034 760 1062 ,
788 987 872 1051 aden·

66 1087 128 1142 que
147 1068 312 1128 innotescet
323 1061 412 1126 solida
434 1059 533 1123 mundi
555 1079 646 1124 aetas.
668 1067 777 1125 Verum
786 1067 874 1128 omis-

66 1169 108 1208 so
129 1141 411 1222 ingeninsnealculo,
433 1161 521 1216 quem
542 1139 667 1215 pluribus
676 1142 790 1218 impetit
800 1149 875 1206 Tur-

72 1227 138 1287 rius
154 1217 300 1299 (scienti
326 1219 403 1285 della
424 1220 502 1284 Nat.
522 1221 664 1298 parties.
687 1221 744 1296 5⁶)
765 1222 876 1302 llalleji

67 1303 223 1368 assertioni
238 1303 299 1379 -ipsi
314 1300 538 1376 subscribimus,
561 1299 663 1364 multe
683 1303 876 1368 enimentant

66 1386 99 1449 in
121 1384 208 1446 moris
218 1385 275 1445 imo
295 1381 380 1460 salis,
402 1403 434 1446 ac
457 1381 604 1444 bituminis
627 1383 764 1462 minerae,
788 1383 874 1448 multi

67 1463 138 1528 salis
158 1463 284 1542 scopuli,
306 1464 366 1526 imo
385 1463 517 1540 ingentes
540 1460 643 1526 insulae
662 1483 699 1526 ex
719 1464 873 1540 sulecoagl-

65 1561 228 1622 mentstae,
251 1541 344 1606 ueluti
363 1541 456 1606 insula
479 1548 586 1607 onnus
607 1546 689 1620 quasi
710 1545 809 1622 ingens
829 1566 874 1610 sa-

65 1625 101 1688 lis
122 1644 228 1688 mons:
258 1623 330 1687 adde
351 1623 520 1700 bitumina,
545 1622 640 1701 oleo,
672 1626 874 1690 exhalationes

20 1725 22 1730 ·
65 1723 236 1783 terrestres,
256 1703 440 1788 sulphureus,
469 1702 639 1783 mineralts,
663 1705 784 1785 salinas,
806 1727 874 1783 qum

65 1789 97 1850 in
120 1788 204 1850 matis
234 1783 327 1848 inodo
346 1807 380 1848 ert
400 1787 605 1848 ‘subterraneis
636 1786 747 1862 ignibus
776 1787 873 1852 ciclu-

65 1867 198 1945 duntur,
219 1865 264 1929 uel
288 1887 324 1928 ex
346 1864 662 1934 fluminibuscontinuo
683 1865 877 1946 deferuntur3

69 1969 105 2012 ex
129 1944 172 2008 his
199 1963 280 2011 cette
307 1945 440 2008 omnibus
469 1943 620 2022 paullatim
643 1948 745 2010 solutis
773 1947 873 2010 denuit

66 2027 205 2102 salsedo,
235 2048 269 2090 oc
291 2023 484 2088 amarulentia
514 2026 632 2086 mnrinae
655 2045 738 2100 aquae
761 2029 868 2090 sensim

64 2107 234 2182 eoncilitri3
262 2103 340 2166 unde
360 2121 430 2164 ante
451 2105 553 2164 horum
575 2101 776 2180 solutionem,
811 2107 873 2170 sive

64 2187 224 2254 creationis
246 2186 362 2259 initio,
391 2181 484 2245 dulcis
503 2203 569 2244 esse
590 2181 690 2246 debuit
710 2185 820 2246 murino
842 2207 873 2248 o-

64 2289 142 2346 qus.
163 2269 255 2330 Certe
275 2263 472 2338 si‘pongenita
494 2260 551 2326 fuit
574 2263 693 2326 mnrinae
713 2285 796 2342 aquae
817 2265 875 2330 ual-

64 2347 154 2424 sedo,
182 2366 235 2410 cur
252 2345 344 2424 major
365 2341 589 2420 deprehenditur
610 2345 640 2408 in
661 2346 742 2422 aquis
760 2347 814 2410 sub
833 2368 874 2411 π-

65 2443 213 2506 quatere,
239 2427 333 2490 minor
356 2425 386 2488 in
408 2426 489 2501 aquis
508 2423 565 2488 sub
582 2425 649 2504 pulo
669 2425 839 2504 degentibus
860 2431 872 2488 ?

66 2516 131 2574 haec
152 2505 299 2572 salsedinis
320 2503 500 2583 differentis,
525 2507 640 2571 nemine
661 2506 877 2586 dissentiente,

66 2612 102 2655 err
124 2611 160 2653 eo
179 2605 244 2675 est,
271 2587 349 2663 nond
373 2607 457 2663 nquae
478 2589 508 2650 in
530 2607 608 2650 zona
630 2587 737 2650 torrida
757 2589 874 2650 ealidio

67 2691 113 2734 res
135 2669 197 2746 plus
219 2668 288 2732 s'nlis
306 2668 446 2744 solvunt,
472 2687 560 2743 quum
582 2666 761 2743 frigidiores:
783 2669 806 2730 si
827 2689 873 2731 er-

66 2773 103 2828 go
123 2753 213 2829 major
233 2747 344 2813 salsedo
364 2765 449 2812 est-o
470 2749 570 2826 mojori
591 2747 693 2810 solium
716 2747 873 2826 solutione‚·

62 2833 156 2896 *uiam
176 2829 287 2893 salsedo
305 2845 496 2905 quecumque
515 2829 654 2906 origloem
670 2828 768 2892 habuit
790 2853 806 2890 o
827 2849 874 2891 so·

68 2913 139 2974 lium
159 2910 305 2984 solutione
315 2959 328 2988 ‚.
347 2929 413 2987 quae
422 2927 578 2986 numquam
599 2909 802 2990 contingeret,
824 2907 881 2974 dea
919 2921 922 2927 ’

70 2993 132 3057 buit
152 3013 228 3068 aquo,
248 2992 334 3054 mutis
356 3011 420 3056 esse
439 2987 563 3054 dultis“

13 3137 19 3152 ,
110 3083 177 3147 8⁶5·
196 3070 328 3136 Scholion
351 3075 389 3134 ll.
404 3071 653 3148 'Antiquissimum
674 3071 874 3146 problemoest

68 3170 174 3230 aquam
194 3152 279 3216 muris
299 3149 377 3230 sale,
411 3148 444 3214 de
465 3151 609 3216 bitumine
629 3173 766 3232 purgare,
796 3173 874 3230 earn·

66 3253 133 3310 quo
146 3229 260 3295 &leem
275 3281 285 3309 ,
302 3231 334 3295 dc
357 3233 513 3308 potabilem
536 3229 674 3311 reddere,
694 3233 877 3312 cujus-opta-

68 3314 180 3378 tissima
202 3310 433 3376 solutiooffetret
453 3313 560 3376 Nautis
579 3313 678 3392 ingens
697 3313 876 3376 ernolumen·

55 3414 154 3471 tum,
175 3409 242 3454 cum
263 3410 278 3454 a
297 3393 394 3456 uerutis
416 3397 491 3468 huc,
512 3391 638 3467 illutque
657 3391 747 3454 delati
769 3394 874 3456 absunt

69 3498 85 3538 a
111 3475 202 3537 litote
216 3471 348 3546 diutius,
368 3491 454 3547 quum
476 3489 638 3548 putarunt,
668 3471 774 3533 idcirco
794 3491 878 3550 pota-

70 3554 120 3620 bili
140 3575 214 3634 aqut
237 3549 402 3620 deficiunt.
431 3552 521 3616 ilinc.
534 3553 563 3614 in
586 3549 770 3636 problematis
793 3552 876 3650 ‘solu-

135 3657 140 3673 '
776 3652 833 3700 tlo-
