2168 4072
314 257 371 302 220
507 253 510 260 ’
581 231 736 300 Elementa

269 317 355 394 hinc,
384 315 409 378 si
429 318 532 378 charta
553 331 653 390 parum
673 313 788 391 obliqua
810 331 987 397 statuatur,
1011 303 1065 384 atui

268 395 306 459 do
326 412 439 476 cessat,
462 393 698 473 proptereaquod
718 395 872 498 aqualiter
896 422 958 464 non
982 397 1065 494 illuni

270 493 418 639 net§bridi
439 563 484 622 Dr
504 571 664 634 corporum
686 572 845 634 opacorum
863 557 1039 626 coloribus.

269 717 524 782 PROPOSITIO.
545 717 679 794 Corpora
694 733 785 794 opace
806 717 869 782 ideo
890 731 1066 800 apparenter

209 837 213 842 ·
307 795 424 876 lerata,
442 796 520 879 qaod
529 793 630 860 radios
646 794 833 862 determinari
842 799 952 863 coloris
971 800 1067 862 cerni

299 878 456 1020 ¹cgprianus
477 871 649 1019 refletclsant.
662 881 830 1020 apparea&
841 879 1018 1020 nltba,A'qrrae
1036 899 1067 940 ra

306 956 806 1122 nigaomgzsssgrngnvgzvneffl
825 979 922 1104 rbndr'bs
934 975 1067 1130 pff

310 1219 395 1275 ¹330·
416 1197 599 1264 Probatur-r
626 1198 829 1275 propositionis
848 1217 929 1276 pars.
950 1187 1068 1262 Certurd

269 1294 315 1342 est
336 1277 402 1345 ideo
423 1299 542 1358 corpora
571 1277 652 1341 nobis
678 1297 745 1342 esse
766 1277 915 1360 visibilia,
948 1279 1014 1357 quia
1032 1275 1068 1338 lu·

265 1379 330 1423 cem
349 1359 379 1422 in
401 1379 517 1426 nostros
527 1356 625 1422 omlos
645 1377 681 1420 ex
703 1358 820 1436 singulis
840 1356 1001 1424 visibilibus
1009 1376 1068 1434 pun

266 1437 319 1504 diis
338 1439 498 1504 emittunt:
517 1459 586 1516 erqo
607 1457 673 1514 quae
695 1459 811 1516 corpora
829 1438 1069 1504 determination

265 1517 338 1580 loris
358 1522 570 1597 homogeneum
599 1517 710 1582 radium
729 1521 840 1582 caereris
869 1517 1020 1594 copiosius
1051 1515 1069 1578 iu

268 1613 383 1660 nostros
413 1599 515 1664 oculos
535 1615 699 1676 regerunt,
729 1597 853 1675 ejusdem
881 1596 993 1662 coloris
1018 1616 1069 1660 seo

268 1695 332 1740 sum
354 1677 383 1740 in
404 1679 486 1744 nobis
507 1679 691 1757 excitabunt,
714 1677 838 1756 adeoque
854 1676 961 1741 eodem
983 1675 1070 1740 decer·

265 1758 382 1822 minato
402 1757 502 1823 colore
530 1757 618 1825 tindla
641 1760 721 1822 nobis
753 1757 958 1838 apparebunt.
987 1754 1070 1844 Quill

268 1838 319 1902 bet
350 1839 428 1904 enim
457 1844 651 1919 homogeneus
672 1837 744 1904 lucis
774 1839 868 1904 radius
899 1837 1070 1902 determine

269 1939 336 1982 rum
365 1917 604 1986 colorembabet
635 1918 714 1984 nulla
736 1918 934 1996 refradlione,
963 1933 1016 1979 aut
1036 1934 1070 1978 re·

270 1999 399 2065 flexione
428 2003 630 2078 mutabilem(
652 2021 680 2065 n.
704 2023 799 2081 1305,
822 1997 942 2082 1306);
969 2011 1008 2059 eu
1029 2014 1071 2056 va·

270 2083 313 2144 ria
335 2079 497 2158 aliquorum
527 2083 673 2147 radiorum
694 2081 887 2157 permixtione
908 2075 983 2142 fiunt
1004 2073 1070 2168 colo

271 2179 336 2237 res,
367 2161 411 2223 vel
436 2163 576 2235 primariis
604 2161 743 2237 similes,
775 2162 822 2226 vel
844 2157 955 2224 abillis
975 2155 1070 2218 divam

274 2242 326 2314 (n.
349 2239 471 2314 noo),
500 2259 568 2312 ergo
588 2239 820 2315 quotiescunque
840 2258 944 2316 corpus
965 2229 1071 2312 aliquod

269 2317 387 2380 caeteris
405 2317 579 2394 copiosius,
609 2313 642 2378 dt
665 2313 790 2378 vividius
811 2317 950 2383 refledlat
980 2315 1026 2378 vel
1045 2333 1071 2376 u·

269 2413 339 2458 num
361 2397 570 2470 homogeneum
592 2392 673 2460 lucis·
686 2395 821 2475 radium,
844 2398 892 2461 vel
914 2396 1024 2474 aliquos
1041 2395 1071 2460 si·

269 2471 330 2538 mul
347 2475 526 2552 pennixtos,
549 2497 664 2542 necesse
688 2479 744 2543 est'
757 2474 798 2540 ilii
820 2477 1003 2556 praevaleant
1021 2493 1071 2538 ca·-

270 2553 367 2634 teris,
396 2553 429 2620 dc
448 2577 552 2635 corpus
573 2556 723 2623 reticueris
744 2556 794 2620 illo
814 2558 912 2624 colore
940 2556 1071 2620 donatum

272 2634 422 2700 videatur.
443 2641 559 2704 Revera
569 2642 647 2703 enim
674 2637 865 2718 quodcunque
885 2658 1005 2717 opacum
1015 2653 1071 2700 cor·

272 2737 326 2791 pus
348 2715 501 2780 nonnullos
528 2720 620 2782 radios
641 2721 757 2783 caeteris
776 2719 922 2798 copiosius
948 2713 1071 2780 rcsscde

271 2815 315 2886 re·
334 2799 542 2868 experimentis
572 2799 785 2878 demonstravit
807 2805 1002 2869 Nevvtouus:
1032 2812 1071 2859 et·

269 2893 347 2936 enim
370 2895 419 2950 per
434 2878 542 2952 prisma
560 2880 700 2956 separatis
723 2875 811 2944 radiis
831 2874 993 2946 observavit
1016 2896 1071 2940 tor·

271 2971 341 3031 pora
363 2973 451 3046 opaca
480 2961 510 3021 in
533 2960 619 3022 variis
641 2959 725 3023 radiis
752 2959 934 3038 homogeneis
961 2977 1071 3022 succes·

274 3035 335 3098 sive
356 3037 470 3118 posita,
506 3057 577 3104 tunc
597 3039 782 3118 clarissime,
810 3035 1070 3124 &fulgentissimo

196 3125 198 3130 ’
272 3114 381 3194 videri,
407 3139 476 3182 eum
497 3121 526 3186 in
547 3119 656 3184 lumine
676 3122 721 3184 sui
741 3119 845 3184 coloris
863 3117 1066 3184 collocantur:

179 3262 181 3266 .
270 3197 314 3260 aie
332 3197 496 3264 cinnabaris
525 3201 555 3263 in
574 3200 684 3263 lumine
713 3199 802 3264 rubro
828 3200 952 3264 maxime
983 3195 1066 3274 splen·

271 3275 343 3354 det,
363 3277 394 3339 iu
415 3279 500 3343 viridi
521 3281 636 3358 minus,
654 3277 688 3344 dc
707 3279 799 3343 adbuc
821 3281 915 3343 minus
934 3280 966 3343 io
982 3295 1065 3341 caeru·

270 3356 335 3434 leo,
363 3357 492 3426 indicum
513 3362 544 3422 in
565 3360 647 3424 radio
668 3359 767 3423 indico
783 3357 974 3424 clarissimum
992 3374 1063 3434 est,

270 3453 303 3500 at
324 3427 506 3502 imminuitur
526 3443 589 3520 ejus
611 3439 764 3517 splendor,
794 3461 863 3503 cum
881 3440 917 3504 ad
937 3440 1006 3504 alios
1025 3457 1065 3499 ra·

268 3513 334 3580 dios
353 3515 554 3600 transfretum
581 3523 635 3584 hoc
655 3536 755 3584 autem
777 3539 834 3583 non
856 3519 974 3584 aliunde
999 3515 1062 3582 oriri

923 3618 1030 3678 potest,
