2190 4080
557 286 562 293 ι

310 329 367 376 244
602 299 755 368 Elementa
867 380 869 384 ,

272 403 338 446 cunr
361 403 413 444 suo
431 379 509 444 radio
527 377 637 444 reflexo
657 385 669 460 (
691 404 720 446 n.
744 380 860 460 1401);
894 381 1062 458 hinctotius

272 461 372 538 objecti
394 463 487 537 imago
507 461 535 522 in
557 461 675 536 spe'culo
704 462 790 540 plano
811 461 933 528 eandem
954 463 1062 532 obtinet

270 561 337 603 cum
357 539 467 618 objecto
487 541 738 618 magnitudinem:
774 541 865 606 distat
882 561 952 619 post
969 549 1060 623 specu-

267 619 329 684 lum
350 641 386 682 eo
407 619 580 699 intervallo,
608 643 667 698 quo
685 623 776 687 distat
801 623 957 702 objectum,
983 623 1060 693 &in

266 699 515 766 eadehabitudine
544 702 620 765 intra
653 702 799 778 speculum
817 705 963 784 cernitur,
982 725 1061 782 quam

267 779 411 858 objectum
441 799 524 844 extra
554 781 700 860 speculum
723 785 827 862 habet,
855 783 932 848 unde
950 785 999 863 fit,
1025 801 1056 848 ut

253 861 378 924 'dextrae
399 861 529 938 imaginis
550 879 645 937 partes
665 864 854 942 respondeant
874 865 994 928 sinistris
1014 863 1056 927 ob·

263 939 350 1022 pedii,
371 938 404 1004 ἅ
428 943 552 1006 sinistrae
573 941 699 1017 dextris.
759 1011 762 1018 s

310 1043 395 1095 1⁴03.
414 1023 522 1088 conell.
542 1027 584 1084 ll.
605 1024 633 1084 si
647 1025 730 1093 antra
751 1022 809 1087 duo
837 1021 915 1100 plana
943 1020 1061 1096 specula

263 1103 307 1168 ita
328 1103 441 1182 jaceas,
467 1121 501 1168 ut
522 1100 591 1168 radii
613 1124 630 1166 a
653 1120 733 1180 tergo
755 1105 783 1166 in
807 1102 943 1179 posticum
961 1122 1063 1176 specu-

161 1203 163 1212 ‘
264 1183 325 1246 lum
347 1183 544 1260 dimanantes,
566 1184 595 1244 in
617 1186 746 1246 anterius
767 1183 913 1259 incidant,
934 1179 1007 1244 unde
1027 1179 1064 1244 ad

265 1280 333 1325 tuos
355 1261 453 1326 oculos
473 1261 677 1342 relledlantur,
701 1263 806 1326 videbis
828 1261 911 1324 simul
933 1261 962 1324 in
980 1277 1060 1325 ante-

242 1355 243 1358 ’
263 1344 333 1426 riori
355 1342 470 1418 speculo
489 1343 524 1407 dt
544 1341 733 1422 tui’faciem,
753 1341 787 1406 dt
811 1357 942 1418 tergum.

305 1445 391 1496 1404·
410 1423 519 1498 Coroll,
541 1427 594 1484 uu
615 1424 642 1486 si
662 1422 776 1497 planum
798 1420 1058 1500 speculum‘iaceat

261 1503 449 1566 horizontale·
462 1525 476 1579 ,·
502 1501 603 1579 objedli
622 1506 718 1578 imago
748 1516 842 1568 tanta¹
861 1495 1060 1575 profunditate

260 1579 334 1644 infra
356 1583 504 1659 speculum
525 1583 652 1644 demersa
680 1577 854 1656 apparebit,
904 1598 998 1642 nauta
1019 1597 1062 1644 est

257 1657 357 1738 objear
386 1662 422 1724 ab
448 1659 547 1728 eodem
568 1650 706 1723 distantia
722 1678 731 1736 ς
764 1675 867 1733 propte
899 1679 916 1719 a
946 1679 1065 1736 corpora

257 1740 382 1822 labentia
403 1743 432 1804 in
458 1740 571 1818 speculo
596 1736 774 1811 horizontali
806 1739 935 1814 apellata
967 1743 1066 1804 viden·

259 1839 310 1886 tur
331 1843 442 1885 sursum
465 1819 642 1898 ascendere5
673 1821 703 1882 in
725 1817 843 1896 speculo
864 1821 904 1884 ad
930 1821 1067 1882 horizon.

260 1920 321 1967 tem
345 1902 484 1966 inclinato
512 1901 713 1977 pavimentum
745 1916 863 1976 apparet
883 1919 1030 1976 assurgere
1054 1951 1065 1980 ,

155 2057 159 2061 ,
259 1983 292 2050 &
321 1983 349 2047 in
383 1981 499 2062 speculo
529 1980 564 2044 ad
585 1980 719 2058 laqueare
749 1978 895 2044 conclavis
924 1978 1065 2056 parallelo

258 2059 397 2142 videntur
417 2061 522 2142 objella
545 2061 620 2124 ultra
641 2061 777 2136 laqueare
798 2059 932 2138 elevata,
954 2079 988 2124 ac
1002 2063 1087 2128 ,ho

193 2173 198 2190 ¹
257 2147 350 2210 mines
370 2148 466 2219 capite
486 2142 637 2220 deorsum,
659 2140 691 2204 dc
713 2139 830 2218 pedibus
852 2161 980 2205 sursum.
1020 2201 1023 2208 ,
1077 2163 1079 2166 ·

297 2223 561 2298 1405.Coroll.1V.
582 2227 659 2288 Cum
682 2221 710 2283 in
725 2221 944 2298 spec—olovitreo
986 2217 1067 2296 quod

257 2305 287 2366 in
309 2307 521 2382 posticaparte
542 2323 668 2379 stanno,
687 2299 720 2366 δι
742 2303 880 2366 mercurio
901 2323 920 2364 o
962 2299 1066 2362 ullum

253 2399 319 2462 est,
342 2383 616 2462 duplexaonringar
639 2383 754 2446 luminis
776 2381 916 2444 reflexio:
948 2400 1007 2441 una
1032 2382 1066 2442 in

254 2461 404 2542 superficie
423 2467 585 2542 anteriori,
613 2467 705 2530 altera
726 2464 754 2524 in
776 2461 903 2525 interiori
923 2459 1074 2549 ejusdem,

254 2545 362 2624 speculi
385 2549 441 2626 (a.
468 2556 541 2608 1288
565 2545 599 2626 ),
630 2545 863 2608 itautcath'etus
884 2540 1065 2606 incidentiae

232 2625 289 2708 ,ad
309 2630 482 2690 anteriorem
514 2627 620 2706 speculi
642 2623 820 2702 superficiem
850 2623 941 2686 distet
971 2646 987 2686 a
1014 2642 1066 2683 ca·

252 2707 337 2766 theto
359 2705 561 2769 incidentiaein
584 2707 750 2768 interiorem
772 2721 836 2768 tota
854 2703 961 2781 speculi
984 2721 1067 2766 cras-

253 2785 341 2861 sitie3
373 2787 437 2848 hinc
459 2786 488 2845 in
512 2783 709 2864 hujuscemodi
730 2785 848 2863 speculo
866 2785 971 2860 duplex
996 2785 1067 2865 pin·

251 2861 330 2938 gitur
351 2865 462 2939 imago,
486 2883 616 2940 unapost
636 2865 742 2930 aliam:
762 2885 882 2942 utraque
902 2871 1008 2929 autem
1021 2863 1068 2926 di-

250 2941 353 3007 stinde
383 2963 530 3025 apparet,
563 2969 630 3010 cum
651 2943 735 3009 noun
766 2945 894 3010 candelae
923 2961 1068 3012 accensae

250 3021 368 3088 flamma
391 3045 461 3107 aare
483 3026 630 3106 speculum
657 3025 844 3106 collocatur,
874 3024 967 3102 fitque
991 3025 1068 3090 vitri

208 3135 210 3141 v
249 3108 395 3170 crassities
418 3109 568 3172 notabilis.
589 3107 851 3172 Hocincommodo
871 3126 972 3170 carent
996 3127 1070 3186 spe·

246 3185 310 3267 cula
330 3186 493 3272 metallica,
515 3211 581 3266 quae
602 3191 702 3254 vitreis
718 3205 879 3267 praestaut,
899 3187 971 3252 licet
996 3193 1065 3252 haec

246 3269 306 3332 siut
327 3265 381 3350 illis
399 3267 540 3332 clariora.
690 3321 693 3328 .

288 3365 373 3421 1406.
392 3349 499 3413 Coroll.
522 3351 557 3412 V.
579 3351 656 3414 Cum
677 3349 841 3412 ira-duobus
872 3348 966 3427 planis
990 3369 1067 3424 spe-

241 3427 312 3490 culis
337 3431 406 3504 FG,
429 3433 491 3492 GH
514 3424 580 3510 (fig.
605 3431 665 3508 56)
693 3429 729 3493 ad
751 3429 891 3507 angulum
911 3429 1025 3510 justioris
1054 3478 1065 3508 ,

240 3505 274 3570 dt
304 3509 333 3570 in
362 3507 474 3574 diverso
503 3509 588 3586 plano
626 3509 777 3576 collocatis
807 3511 878 3574 radii
916 3511 1066 3656 ejusgem

912 3614 1017 3671 puni
