2174 4084
264 203 397 284 Physicae
416 203 624 270 particularis.
770 227 824 280 ¹73

64 305 151 368 pote,
170 283 236 352 dum
256 285 591 366 perseveretsubjedlum
614 282 717 360 ipsius.
738 283 870 348 Tandem

63 366 266 432 intenderetur
296 367 346 430 lux
368 365 404 430 ad
432 367 588 446 longiorem
613 365 746 430 luminosi
767 387 870 440 corpo·

67 449 107 510 tis
128 450 331 526 presentiam,
361 464 395 510 ut
417 449 516 512 evenit
540 449 570 510 in
591 445 713 526 calore,
741 444 870 522 frigore¹

62 523 98 592 &
117 527 270 606 odoribus,
291 547 357 603 quoe
379 549 429 604 per
449 528 626 592 adversarios
647 544 716 591 suut
737 523 868 594 absoluta

62 607 244 681 accidentia,
267 605 383 684 perinde
404 631 437 672 ac
456 608 523 670 lux.

108 711 194 764 1207.
214 687 357 750 corolla
380 691 446 749 Lux
462 709 519 748 non
540 704 586 750 est
604 687 768 752 substantia
777 685 869 750 media

63 769 143 830 inter
164 786 286 844 corpus,
307 763 340 828 dt
363 767 513 843 spiritum,
533 764 638 844 gaudet
658 769 871 845 enimproprie·
905 765 909 774 ¹

65 845 176 912 tatibus
196 846 321 928 corporis
340 846 540 915 essentialibus
561 849 609 924 (n.
631 848 743 922 1205).

274 1008 440 1076 radiantur
459 1007 650 1076 scholastici.

109 1179 196 1236 teob.
215 1176 289 1250 opp.
313 1196 338 1238 r.
360 1177 424 1236 Lux
445 1195 503 1237 non
524 1188 570 1236 est
598 1165 708 1248 solida,
738 1189 805 1233 nam
825 1165 873 1231 lux

67 1247 194 1314 siderum
215 1269 348 1327 penetrat
370 1270 465 1317 totam
485 1269 614 1317 nostram
629 1254 872 1328 atmospbaerarn,

67 1349 135 1405 quae
164 1334 248 1409 juxta
276 1331 429 1396 nonnullos
455 1334 563 1398 saltent
592 1332 627 1395 ad
650 1341 687 1394 80
709 1330 874 1393 milliarium

66 1407 296 1484 profunditatem
314 1413 486 1477 extenditur
506 1417 518 1494 (
535 1433 563 1478 rr.
586 1438 641 1490 597
668 1411 678 1486 )
689 1430 699 1490 ,·
728 1432 829 1492 porro,
849 1409 874 1471 si

63 1485 116 1551 lux
139 1487 215 1553 foret
236 1489 343 1563 solida,
364 1513 432 1558 curn
452 1493 583 1572 impingit
594 1493 720 1572 inanis,
742 1487 873 1556 &exna-

67 1567 210 1632 lationum
232 1573 404 1650 particulas,
425 1573 625 1640 relledlerctut
646 1573 737 1638 sidera
760 1589 873 1636 versus.

64 1653 172 1726 Neque
205 1670 341 1726 reponere
370 1656 453 1732 juvat
491 1677 586 1719 acrem
614 1675 678 1722 esse
713 1669 870 1732 porosum5

62 1731 190 1806 concipe
208 1732 286 1793 eninr
309 1732 430 1808 plutima
448 1739 540 1814 retia,
574 1735 627 1800 alit
650 1734 872 1811 aliis'euperim·

68 1810 160 1884 posita
182 1809 216 1869 ad
239 1809 362 1883 plurium
384 1813 547 1876 milliarium
570 1813 779 1888 altitudinem,
809 1833 873 1888 pro·

68 1887 205 1951 culdubio
224 1885 353 1952 afluido
376 1893 494 1954 minime
524 1894 750 1968 penetrabuntut
771 1911 872 1952 eorum

62 1968 154 2032 uacui
184 1968 262 2043 pori.
294 1969 445 2032 Secundo:
479 1971 527 2034 lux
556 1989 688 2047 penetrat
717 1969 872 2048 crystalla,

69 2049 129 2110 itno
151 2049 241 2110 etiarn
258 2047 382 2111 metalla
403 2051 431 2110 in
454 2051 635 2113 tenuissimas
655 2050 775 2112 laminas
794 2069 873 2111 corn-

44 2125 205 2204 ‘planatm
224 2127 347 2189 Tertio:
362 2125 438 2192 'radii
460 2127 532 2193 lucis
550 2137 591 2194 ‘ex
599 2129 737 2207 oppositis
747 2127 873 2206 partibus
943 2141 945 2146 “

65 2206 192 2284 emissi,
217 2202 257 2268 rit
280 2205 309 2269 in
339 2227 489 2274 occursum
503 2212 678 2290 uenientes,
710 2231 765 2272 non
788 2205 874 2272 telle·
940 2280 947 2290 p

63 2285 205 2362 nonius,
228 2301 263 2349 ut
282 2288 311 2350 in
334 2307 416 2354 rnotu
433 2292 655 2370 perturbantur,
675 2309 757 2357 certe
775 2311 811 2354 eu
824 2287 873 2353 de·

68 2363 146 2430 fellu
168 2364 340 2434 soliditatis.
362 2373 492 2437 Tandem
513 2395 562 2453 per
583 2374 874 2437 tenuissimumchat·

63 2465 111 2514 τε
127 2443 261 2514 ῑοτειιηεη
282 2450 375 2526 plures
397 2451 470 2518 lutis
497 2453 567 2518 radii
588 2469 740 2518 transeunt
767 2453 873 2532 absque

55 2528 127 2607 *ulla
151 2529 387 2606 perturbatione:
409 2535 468 2598 imo
488 2533 872 2614 perexiguumcrystallum,

67 2629 127 2683 quo
146 2608 257 2702 coelum
279 2611 440 2694 conspicio,
460 2633 510 2678 tot
528 2612 777 2692 permeantium,
799 2623 873 2690 quot

68 2700 139 2750 sunt
160 2688 284 2754 visibiles
305 2694 375 2756 coeli
396 2711 510 2773 portes,
540 2693 668 2760 adeooue
689 2712 807 2757 numero
829 2692 874 2753 in·

61 2767 164 2860 liniti2
183 2789 249 2832 cum
269 2789 370 2836 rumen
391 2770 531 2854 in‘exiguo
553 2772 746 2852 illocrystallo
766 2770 874 2837 inliniri

66 2849 127 2932 pori
148 2849 214 2926 lingi
236 2871 396 2928 nequeant.
417 2857 494 2934 Ergo
516 2853 565 2918 lux
586 2877 642 2920 non
663 2852 833 2922 estaolida.

103 2951 202 3024 arcp..
218 2935 256 2996 R.
280 2933 475 3001 Incredibilem
497 2931 589 3002 ferme
608 2959 672 3002 esse
690 2939 802 3016 copiam
824 2957 874 3014 po·

63 3027 166 3074 rorum
194 3033 223 3074 rn
245 3033 311 3076 acre
339 3017 528 3079 existentium
549 3018 688 3084 concedet
709 3019 874 3095 quicunque

62 3087 338 3186 animadvertente
361 3097 494 3158 mercurii
519 3095 637 3170 pollices
657 3114 774 3160 tanturn
803 3113 873 3156 con·

61 3185 161 3232 tmere
186 3185 344 3248 materiei,
373 3191 514 3248 quantuni
542 3177 691 3252 componit
720 3175 792 3238 aeris
823 3193 873 3235 co·

62 3247 199 3340 lumnam
219 3247 347 3322 ejusdem
368 3251 462 3330 basis,
490 3251 537 3316 sed
558 3253 720 3318 altitudinis
745 3275 802 3330 po,
824 3251 870 3318 vel

67 3339 106 3392 80
128 3325 293 3392 milliarium
315 3333 326 3406 (
345 3350 372 3394 n.
396 3355 448 3406 59¹
471 3331 503 3402 ):
522 3354 623 3412 porro,
653 3335 677 3395 si
699 3345 734 3397 28
758 3353 871 3396 mercu-

64 3408 100 3473 rii
121 3407 239 3484 pollices
259 3407 302 3472 lad
335 3419 372 3473 80
394 3409 556 3474 milliarium
585 3411 793 3487 longitudinem
822 3434 871 3480 cx·

8 3485 9 3502 ¹
64 3487 284 3574 tenderentur,
311 3498 410 3560 nonne
437 3491 609 3638 llllssemm
630 3489 721 3560 ferme
741 3494 869 3570 acquire-

114 3601 119 3608 ·
538 3595 551 3650 3
763 3591 829 3640 reot

10 3806 13 3834 l
