2174 4084
202 283 209 308 ι
283 254 417 348 Pdprine
438 257 650 327 taratantara.
782 287 848 340 ¹59.

10 355 11 394 l
76 361 132 432 nrt
152 353 235 417 agere
257 338 357 418 pont,
381 360 434 408 nec
455 361 472 404 a
495 344 561 403 Deo
590 355 799 422 conservetur,
829 359 902 410 ut-,

55 433 144 500 'pote
167 418 202 487 ad
222 435 363 486 aeternam
385 421 588 498 capescendam
598 447 608 459 ··
618 418 812 501 felicitatem,
840 423 877 492 dr

70 499 108 564 ad
128 498 247 580 gloriam
267 502 419 564 creatoris
437 501 786 582 promovendamintpta,
806 524 875 582 quae

13 627 20 642 t
69 581 131 645 duo
154 579 315 646 necessaria
346 573 443 648 lorrnt
471 599 506 648 ut
537 581 708 652 immortalis
729 581 877 660 diceretur
941 659 942 666 ἵ

69 663 84 741 (
105 657 284 738 Metapdn.
305 680 362 735 tos
385 661 417 736 ).

110 741 140 804 si
153 741 209 804 *cui
230 743 292 806 haec
314 739 462 818 responsio
485 741 605 810 minime
624 745 750 816 arrideat
770 749 800 814 in
828 769 874 812 ar·
899 809 901 816 ,

68 836 230 916 gumento,
252 819 327 898 quod
336 837 381 917 tst
401 841 502 904 prora,
522 818 557 888 dt
577 827 678 902 puppis
696 827 876 900 adversatio-

69 923 156 979 rum²
177 899 265 966 allam
284 899 414 968 dabamus
434 901 675 980 explicationem.
696 907 784 970 Licet
804 911 873 972 Bru·

69 999 170 1048 torum
190 983 286 1050 anime
307 985 348 1048 sit
369 983 544 1064 spiritualis,
566 984 654 1050 habet
684 1003 797 1052 tarnen-
810 1007 876 1064 pro-

66 1062 162 1142 priam
179 1064 336 1131 essentiam
356 1085 373 1128 a
394 1063 544 1130 rationalis
559 1067 666 1130 animm
687 1084 792 1130 natura
812 1072 878 1130 t'oto

68 1142 150 1208 coelo
179 1143 322 1210 diversam
341 1143 354 1222 (
372 1165 400 1208 rt.
424 1145 553 1222 1159)-
573 1148 661 1212 Enim
682 1168 754 1211 vero
774 1148 878 1210 Bruto·

68 1243 137 1290 rum
155 1223 253 1290 anima
273 1225 388 1290 nonnisi
416 1223 614 1305 dependenter
643 1247 661 1290 a
690 1245 811 1305 corpore
829 1245 879 1302 po·

69 1319 132 1370 test
154 1304 284 1384 operari²
307 1325 373 1372 suas
393 1307 598 1392 cognitiones,
627 1303 879 1387 &appetitiones

70 1385 152 1451 ciros
184 1387 340 1462 praesentia
380 1387 531 1452 mastralis
560 1387 668 1467 objrtla
700 1391 729 1451 in
760 1405 881 1464 corpote

64 1464 275 1532 tantummodo
293 1465 478 1546 producens:
507 1489 562 1534 nec
581 1469 652 1547 sui,
683 1491 737 1536 nrt
757 1467 879 1534 aliorum

69 1545 247 1623 objedlorum
268 1564 353 1612 extra
383 1570 487 1624 corpus
514 1551 629 1614 conscia
657 1570 722 1616 esse
751 1563 851 1628 potest
871 1564 899 1607 :-

68 1626 182 1690 nullum
201 1625 290 1690 habet
310 1627 449 1706 judicium
469 1631 722 1710 comparativum,
743 1627 877 1704 adeoque

67 1704 207 1772 eledlione
224 1725 323 1786 caret,
344 1708 378 1777 δε
398 1709 558 1776 libertate:
577 1709 687 1776 nullam
710 1711 799 1776 habet
818 1705 879 1772 Del

68 1786 194 1866 ideam,
225 1808 278 1852 otc
300 1787 373 1852 ullas
396 1790 572 1867 objedlorum
592 1789 791 1866 spiritualium
813 1809 877 1866 per-

51 1869 240 1946 reparares,
268 1865 344 1930 unde
365 1889 418 1934 nec
438 1872 536 1932 meriti
559 1917 570 1945 ,
597 1889 650 1934 nec
670 1869 806 1932 demeriti
828 1889 877 1930 ca·

68 1970 124 2027 par
145 1963 214 2026 est,
235 1965 290 2014 nec
309 1947 438 2026 praemil,
470 1968 523 2013 nec
542 1967 667 2024 poenae.
698 1945 788 2010 Nullo
811 1967 881 2023 ergo

68 2025 156 2093 modo
176 2027 265 2102 exigit
286 2029 453 2092 conservari
473 2043 558 2090 extra
579 2043 702 2104 corpus,
736 2047 790 2092 nec
810 2045 877 2102 pro-

53 2105 136 2175 ¹inde
157 2106 328 2172 immortalis
349 2127 413 2169 esse
434 2123 551 2186 potest,
573 2127 640 2170 cum
660 2128 677 2172 a
697 2126 816 2182 corpore
836 2125 881 2168 se·

69 2204 170 2270 parata
193 2206 312 2250 manere
332 2206 459 2262 nequeat
487 2189 516 2250 in
539 2207 658 2252 suarum
678 2187 882 2263 operationum

68 2267 228 2344 exercitio,
250 2268 337 2332 sicuti
361 2269 419 2332 reri
444 2269 571 2332 nominis
591 2266 800 2334 immortalitas
820 2266 881 2332 rri-

17 2375 20 2382 ’
67 2351 112 2430 git
132 2345 426 2428 (Mammam).
448 2349 600 2415 Undenon
625 2349 772 2414 immerito
794 2345 882 2410 Wol·

69 2432 153 2508 phius
196 2447 285 2494 uocat
316 2433 472 2492 Brutorum
496 2432 606 2496 animas
626 2428 880 2508 incorruptibiles,

69 2513 138 2587 quia
159 2509 321 2588 simplices,
353 2505 386 2572 dt
408 2513 529 2576 materia
549 2527 700 2589 expertem
729 2530 786 2574 non
808 2529 880 2570 urro

70 2590 268 2670 immortales,
287 2589 448 2666 polrenta
469 2613 571 2668 corpus
591 2613 658 2652 suas
679 2592 882 2668 perceptiones

68 2669 104 2736 dc
125 2669 318 2748 appetitiones
337 2675 685 2748 conservarenequeunt.
705 2667 823 2756 Quodsi
837 2689 884 2730 ur-

68 2771 156 2830 gens,·
177 2749 244 2828 quid
265 2771 334 2828 ergo
352 2749 402 2816 liet
424 2751 460 2818 de
480 2749 881 2840 liis'incorruptibilibusspi-

68 2831 192 2898 ritibus?
214 2831 396 2900 Dicamcum
405 2833 573 2900 Genuensi:
595 2849 693 2898 nostra
708 2831 883 2906 nonlintere-

67 2931 115 2994 est
132 2917 209 2982 scire
228 2911 297 2990 quid
318 2917 478 2993 cortinam
490 2913 706 2983 hissubstantiis
728 2931 882 3002 postquam

69 2993 106 3060 ab
126 2996 233 3063 unione
254 2995 377 3060 aliarum
392 2993 567 3074 discessere,
588 2993 756 3060 constet·id
776 2991 883 3056 uuilon

68 3097 142 3150 sun,
163 3093 198 3144 ut
221 3071 345 3153 perferte
367 3079 535 3154 pronuntiat
557 3076 741 3163 angustinus
764 3071 797 3136 dr
819 3067 885 3130 Cal-

73 3170 187 3218 metus.
208 3155 254 3219 nd
275 3173 372 3218 rerum
392 3171 538 3220 extremos
560 3157 631 3218 lines
652 3159 778 3218 humano
800 3168 882 3214 naeus

68 3253 135 3304 ooo
156 3233 313 3317 pertingit.
