2174 4084
265 258 398 338 Phyricae
417 255 629 328 particularis.
745 291 800 345 ²¹3

10 327 127 422 'liquis
148 363 181 406 ex
205 341 388 418 homogeneis
411 343 494 408 radiis
513 345 716 426 impediatur,
744 371 780 412 oe
809 347 845 411 ad

10 437 12 512 ζ
45 426 155 489 lentem
179 425 358 500 perveniat,
384 420 421 486 ὅ(
449 425 478 485 in
509 429 573 504 ejus
605 423 759 490 focorum
781 427 846 492 aliis

42 517 228 580 comorga,
262 519 418 564 evanescet
445 504 476 564 in
497 510 597 570 charta
619 505 719 572 albedo
740 509 842 586 imagi·

41 589 106 662 nis,
136 602 226 658 atque
241 580 294 643 ille
315 581 509 675 conspicietur
527 583 629 664 color,
649 588 698 664 qui
719 611 757 654 ex
777 587 845 652 reli·

40 669 107 744 quis
128 685 185 726 non
208 663 378 736 interceptis
399 661 553 743 resultat3
591 665 694 732 redibit
717 689 784 732 vero
800 668 847 738 al.

41 747 117 812 bodo
140 791 149 818 ,
177 741 279 804 statim
301 759 335 806 uc
355 740 533 816 interceptus
553 743 649 808 radius
671 746 841 828 relaxetur,

42 843 80 890 ut
102 823 165 886 aliis
192 821 219 882 iu
242 817 308 882 foco
328 818 418 882 leucis
438 823 662 896 penuisceatur.
681 828 812 890 Secundo
833 849 840 886 :

42 908 72 970 εἰ
95 898 221 966 refrallo
251 919 299 977 per
332 899 435 976 prisma
465 899 533 966 solis
556 903 635 966 radio
655 901 753 981 pedlen
774 908 845 983 obji-

43 987 158 1056 ciatur,
183 1002 232 1057 per
251 980 335 1057 cujus
356 979 507 1043 intervalla
527 982 652 1058 seperari
662 981 732 1046 radii
753 1003 846 1048 trans·

44 1082 116 1134 eant
138 1061 240 1126 illibati
268 1108 277 1137 ,
305 1058 433 1124 colorata
451 1061 546 1136 imago
568 1063 595 1124 in
627 1064 723 1127 vici-na
744 1062 847 1140 peuini

38 1151 145 1210 -chsrra
167 1143 320 1217 pingetur,
341 1136 466 1216 pluribus
484 1139 648 1222 distiodlis,
667 1141 702 1206 dr
725 1143 846 1220 paralle-

42 1227 80 1290 lis
102 1221 237 1286 coloratis
258 1221 340 1282 zonis
362 1220 518 1296 variegata:
538 1239 569 1284 ar
591 1223 614 1294 si
637 1223 734 1300 pollen
752 1222 847 1287 teler-

40 1308 119 1374 rimo
140 1319 222 1364 motu
239 1299 338 1373 ultro,
359 1299 492 1375 citroque
512 1301 541 1362 in
565 1319 761 1366 transversum
784 1325 843 1366 mo-

44 1401 170 1459 veatur,
187 1379 439 1457 permiscebuntur
458 1382 488 1441 in
512 1381 692 1446 uuumredii
712 1405 812 1448 omues
836 1431 846 1461 ,

45 1486 81 1530 ac
106 1459 207 1526 albedo
227 1461 256 1522 in
279 1463 378 1524 charra
398 1461 562 1538 apparebit.
585 1461 778 1541 Tandem,ur
792 1462 848 1526 alia

44 1545 202 1619 omittam,
221 1540 253 1601 in
276 1559 348 1616 aqua
371 1543 477 1620 sapone
498 1541 627 1604 nonnihil
637 1541 848 1620 incrassata,&

44 1627 75 1693 iu
90 1642 209 1700 spumas
229 1620 355 1698 agitata,
375 1624 513 1700 apparent
538 1621 710 1690 bullulatum
730 1621 848 1700 superfi-

49 1707 110 1768 cies
130 1702 260 1766 cominus
291 1701 508 1776 inspicientibus
536 1701 751 1790 diversicolores
777 1724 786 1781 ;
815 1721 848 1768 at

44 1780 252 1856 spellaroribus
273 1781 384 1841 eminus
424 1783 523 1858 osiris,
545 1784 593 1858 qni
615 1784 723 1846 colores
745 1783 847 1846 distin·

45 1862 93 1926 dle
115 1875 264 1936 nequeunt
284 1802 508 1936 intermine,
543 1860 678 1926 videntur
703 1883 742 1924 ex
762 1883 848 1936 aequo

45 1940 264 2012 candicantes,
293 1938 448 2012 permixtio
468 1959 539 2014 ergo
555 1939 698 2002 radiorum
720 1943 850 2024 omnium

47 2022 122 2085 lucis
138 2015 341 2081 coloratorum
362 2014 499 2078 albedinis
519 2039 635 2083 sensum
658 2021 819 2096 progignit.
843 2069 861 2096 f
909 2045 911 2053 ’

94 2121 178 2173 1309·
199 2092 347 2158 Probatur
372 2121 398 2160 e.
420 2116 492 2170 pars.
512 2100 554 2160 Er
576 2117 687 2175 septem
710 2099 849 2174 primariis

46 2179 123 2242 lucis
144 2174 305 2252 coloribus,
325 2171 481 2251 dequibus
503 2199 584 2254 supra
605 2181 617 2256 (
637 2197 794 2254 nummos
817 2177 850 2256 ),

50 2281 120 2325 cum
140 2277 241 2322 eorum
261 2253 349 2331 aliqui
369 2273 449 2320 certa
471 2259 654 2334 proportione
676 2261 849 2336 permiscen-

48 2359 128 2417 tur,
157 2335 222 2400 oriri
253 2332 325 2402 alios
344 2335 454 2400 colores
476 2337 727 2418 velrhomogeneis
747 2339 852 2418 prima·

47 2423 101 2485 riis
122 2420 241 2482 omniuo
261 2413 393 2494 similes,
422 2416 468 2482 vel
498 2419 533 2481 ab
561 2418 596 2482 iis
615 2419 743 2484 diversos
765 2419 851 2496 pluri-

46 2502 99 2566 bus
120 2497 325 2574 experimentis
344 2496 555 2562 demonstravit
579 2503 762 2564 Neuvtoous:
784 2520 852 2562 nam

46 2603 84 2647 ex
102 2577 247 2642 mixtione
271 2575 348 2640 rubr—i
369 2574 431 2656 ‚da
452 2575 523 2642 flavi
542 2580 613 2644 radii
631 2579 780 2656 consurgit
799 2598 851 2642 au·

48 2661 164 2724 santius
184 2658 263 2720 color
283 2655 324 2718 illi
346 2656 497 2732 persimilis
520 2707 529 2735 ,
557 2661 605 2735 qui
635 2661 663 2720 io
686 2659 806 2734 oblonga
828 2658 852 2720 i·

49 2739 165 2816 magine
186 2740 263 2802 iuret
284 2736 417 2816 rubrum,
437 2736 469 2800 dt
489 2736 602 2802 flavum
622 2741 699 2816 jacet
711 2759 777 2819 per
797 2735 854 2802 lla·

48 2841 108 2897 vo,
129 2815 162 2882 dt
183 2817 310 2882 caeruleo
331 2820 424 2881 oritur
445 2819 543 2882 viridis
562 2840 572 2896 ,·
594 2818 728 2897 idemque
749 2820 784 2882 de
806 2840 852 2882 re·

49 2899 193 2976 liquorum
216 2899 406 2974 permixtione
426 2897 525 2962 dicas:
545 2903 574 2964 si
598 2921 667 2964 vero
688 2899 771 2964 ruber
789 2947 798 2977 ,
819 2895 853 2962 ὃ(

49 2977 197 3043 violaceus
220 2979 462 3054 permisceantur,
484 2978 556 3050 fient
577 2979 682 3044 diversi
700 2981 852 3058 purpurei,

55 3081 107 3136 pro
128 3059 207 3120 vario
228 3057 320 3134 dosii,
350 3079 406 3132 qua
435 3057 474 3120 ill-i
496 3057 554 3122 duo
575 3057 644 3120 radii
665 3060 854 3132 commiscen-
936 3081 938 3088 ·

51 3153 122 3211 tur;
143 3137 166 3198 si
189 3135 266 3200 bisce
288 3138 435 3211 purpureis
456 3135 612 3200 admisceas
634 3135 774 3212 flavum,
806 3133 855 3197 vel

50 3212 231 3292 caeruleum,
249 3232 300 3276 aut
324 3232 497 3290 utrumque,
521 3215 696 3290 apparebunt
719 3217 786 3277 novi
805 3237 854 3278 co·

52 3297 132 3362 lores
151 3293 334 3370 homogeneis
357 3315 469 3370 prorsus
489 3293 732 3366 dissimiles.‚,Esr
754 3311 856 3356 autem

50 3374 229 3451 compositus
250 3372 402 3452 quilibet,
432 3371 679 3460 &secundarius
708 3371 789 3438 color
812 3394 856 3438 re-

47 3454 187 3522 fradlione
209 3451 355 3516 mutabilis
376 3455 404 3519 in
425 3475 491 3517 suos
500 3472 720 3533 componentes,
742 3457 866 3528 inquos.

47 3531 184 3604 distinete
203 3533 358 3612 resolvitur
382 3533 512 3613 ,statim
537 3553 570 3602 ac
591 3534 729 3614 prismate
751 3529 856 3598 refrin-

713 3635 814 3696 gitur,
