2174 4084
234 173 366 264 Physica
386 179 583 252 Particularia
756 193 824 262 rarr

5 321 6 334 2
43 247 185 350 srnrsotns,
212 285 283 330 eum
300 265 418 332 deficiat
444 286 546 333 caussa
575 265 725 346 irnpell'ens
744 287 780 332 eu
801 257 862 330 u'na

5 341 8 444 l
63 363 164 426 parte,
185 364 221 410 ex
241 345 298 410 elia
318 367 389 418 vero
408 348 553 413 innumeri
572 364 727 414 occurrant
747 347 862 423 obices,
915 411 919 420 ,

63 427 114 504 qui
131 425 280 490 minimam
288 425 524 568 cogplusculorum
544 427 705 494 lucidorum
725 428 864 492 inertiam

62 520 219 585 superent,
239 507 307 570 hinc
378 509 505 572 sensatio
526 507 599 574 lucis
620 509 765 574 cessabit.-

104 607 190 661 1234·
209 584 402 650 Nonobstant
423 586 552 652 addudlae
575 591 793 664 incontrarium
816 609 866 664 po»

63 665 190 732 rirates·
209 664 321 728 etenim
344 665 438 741 quoad
457 665 582 732 calorem
602 672 730 748 attinet,
753 689 825 746 curn
841 670 865 730 i·

60 746 125 824 gnis
144 705 271 808 calorem
289 760 388 820 creet,
408 743 485 820 quod
507 751 747 824 parteseorporis
768 751 867 826 ingen·

62 827 89 890 ti
108 823 237 887 concitet
247 831 330 888 motu
352 824 401 900 (n.
426 822 525 904 57⁶),
546 824 867 908 innocentiani-pen

63 903 202 980 turbato,
223 899 422 980 &expansivo
440 922 556 970 suarum
576 903 784 983 particularum
802 922 865 972 mo-

6 1025 7 1028 =
64 1001 118 1062 tu,
141 1001 340 1060 quocessante
360 985 492 1060 sequitur
512 981 602 1062 frigus
622 987 670 1062 (n.
691 985 792 1064 658);
810 989 867 1064 iarn

63 1063 110 1128 hic
125 1067 227 1128 'motus
237 1061 400 1140 irregularis
421 1065 531 1141 poterit
551 1064 647 1140 aliquo
658 1081 789 1141 tempone
800 1081 867 1140 post

63 1145 256 1208 remotionem
276 1141 350 1220 ignis
379 1163 526 1222 superesse
545 1144 576 1206 in
598 1143 745 1222 particulis
765 1143 869 1208 calori·

62 1222 127 1286 ficis
145 1270 155 1300 ,
175 1219 208 1286 ἀ
228 1222 359 1300 quemvis
380 1223 702 1299 naepnnculaeeaedem
724 1224 783 1288 sint
802 1243 868 1287 eum

63 1299 165 1366 lucidis
185 1303 214 1364 in
234 1303 382 1367 sententia
397 1320 513 1384 nostra,
533 1322 655 1380 possunt
677 1322 776 1368 tamen
797 1303 870 1365 mul-

64 1399 101 1447 to
127 1381 218 1446 citius
244 1381 424 1446 redilineum
445 1385 582 1448 amittere
611 1401 753 1464 motum,
783 1402 870 1460 quam

62 1461 287 1541 perturbatum,
305 1460 339 1526 dt
359 1465 566 1541 expansivom.
586 1463 633 1528 Ad
653 1463 749 1528 odoris
769 1480 870 1528 autern

63 1542 259 1609 tentationem
283 1538 412 1621 sufficit,
447 1561 481 1606 ut
503 1543 600 1608 odorae
621 1543 770 1620 particulae
799 1563 870 1620 quo-

64 1643 182 1698 cunque
203 1638 287 1686 motu
308 1623 426 1700 percitae
448 1645 532 1688 nares
553 1622 770 1703 ingrediantur,
792 1621 870 1702 quod

64 1703 351 1779 contingereporest
376 1718 490 1768 remoto
511 1703 600 1770 odoro
618 1696 756 1783 corpord.

95 1805 195 1856 sz35·
217 1782 357 1844 lnstabis.
376 1786 489 1857 Corpus
499 1783 653 1859 praerapida
674 1783 768 1847 anum
788 1781 868 1846 velo·

65 1862 176 1937 ritate,
201 1859 312 1922 diutius
332 1881 413 1922 suam
433 1880 585 1924 conservat
607 1861 811 1938 duellionem,
841 1883 870 1925 e·

67 1941 142 2002 tiam
160 1955 323 2017 separatum
343 1939 378 2000 ab
387 1936 553 2017 impellente
575 1943 728 2018 potentia3
751 1940 799 2003 sed
809 1960 871 2002 cor·

68 2017 188 2095 pustula
209 2015 305 2096 lucide
327 2016 363 2078 in*
379 2018 529 2080 Nevvtoni
551 2019 663 2080 theoria
684 2039 756 2094 pene
777 2017 873 2081 infini-

71 2116 135 2162 tam
157 2119 175 2160 a
194 2096 256 2160 sole
277 2094 469 2160 velocitatem
489 2097 650 2176 recipiunt:
665 2119 749 2174 [ergo
774 2096 833 2162 &e

64 2231 67 2236 Α
112 2191 202 2254 1236.
221 2180 262 2242 R.
280 2177 335 2241 Vis
356 2175 544 2242 conservandi
565 2175 757 2242 velocitatem
778 2175 811 2242 dt
830 2175 872 2239 di-

59 2257 225 2322 'senionem
245 2273 292 2322 est
312 2258 349 2322 ab
367 2257 491 2338 inertia,
513 2276 579 2336 que
594 2259 700 2322 'massis
719 2257 872 2336 respondes

65 2335 178 2416 (Phys.
199 2345 269 2404 Gen.
289 2357 317 2402 n.
340 2337 439 2417 317),·
471 2355 503 2404 at
524 2360 617 2404 massa
639 2340 668 2402 in
689 2339 806 2417 singulis
819 2337 872 2402 lu·

66 2419 139 2482 tidie
160 2417 311 2497 particulis
338 2435 385 2482 est
406 2417 520 2482 infinite
539 2439 647 2496 parvas
666 2441 742 2498 ergo
762 2443 778 2484 a
800 2439 869 2497 qua·
955 2435 960 2444 “

58 2519 180 2576 *tuoque
200 2499 248 2562 vel
267 2499 388 2561 minima
407 2498 573 2564 resistentia
594 2497 719 2584 elidetur
738 2502 800 2578 eius
821 2519 870 2562 ve-

68 2577 192 2655 locitas,
218 2575 252 2642 ἃ
270 2575 415 2642 diredllo.
442 2579 469 2642 si
494 2596 593 2643 tamen
616 2581 714 2654 aliquo
742 2596 871 2654 tempus·

65 2655 136 2722 culo
155 2673 330 2736 remaneat,
351 2679 408 2722 non
431 2676 588 2736 propterea.
600 2660 655 2722 erit
676 2655 761 2721 oculo
782 2656 872 2722 sensi

69 2735 153 2817 bilis3
171 2739 282 2802 etenim
301 2736 419 2816 oculus,
448 2736 517 2802 dum
539 2758 557 2802 a
578 2738 671 2802 multa
692 2736 757 2802 luce
778 2739 807 2800 in
830 2758 873 2800 re·
1002 2805 1023 2812 ,

67 2819 191 2882 missam
205 2818 338 2896 transit,
368 2839 438 2883 curn
457 2819 596 2897 pupillam
625 2818 719 2884 adhuc
747 2820 874 2884 constri·
964 2878 967 2884 .

66 2895 271 2978 dlamhabeat,
291 2900 410 2964 minime
420 2895 496 2964 affici
515 2899 594 2965 illico
603 2917 701 2976 potest
721 2919 738 2962 a
755 2899 873 2972 remisse

66 2976 151 3056 luce,
172 2995 206 3043 ut
218 2996 301 3056 patet
323 2978 872 3058 inoc'uloaplenaluceedobseuratum

68 3057 209 3123 conclave
218 3058 335 3124 delato.
352 3063 418 3140 Jam
428 3081 517 3138 vero,
537 3079 605 3124 cum
627 3057 874 3134 surripiturluun-

67 3147 172 3198 nosum
190 3145 295 3220 'eorpus
314 3185 324 3215 ‚
346 3137 522 3202 notabiliter
542 3137 705 3213 languescit
725 3135 874 3215 directio,

67 3213 102 3280 dt
124 3213 379 3293 velocitas‘lucis,
400 3217 466 3291 quia
487 3215 562 3279 adlio
581 3217 612 3278 in
634 3216 728 3279 radios
749 3231 874 3279 cessat<

68 3293 137 3358 hinc
158 3293 258 3358 oculus
279 3317 296 3358 a
317 3293 410 3358 multa
430 3295 497 3358 luce
517 3295 554 3358 ad
574 3298 723 3358 remissam
745 3297 872 3372 transit,

38 3419 40 3424 ,
67 3373 198 3450 adeoque
220 3375 319 3450 nequit
349 3371 421 3436 lucis
442 3374 661 3453 impressionem
688 3378 814 3453 recipere
834 3375 896 3437 on·

6 3459 7 3472 ³
62 3453 245 3520 coardlarurn
265 3452 419 3533 pupillum
450 3475 511 3531 quo
530 3471 630 3520 autem
651 3457 782 3534 tempore
802 3453 872 3520 dila·

5 3567 7 3578 *
794 3551 837 3600 ll·
