2152 4078
285 225 650 319 Piysicae'l'rrtr'crilaerir.
741 227 747 236 ⁵
813 261 848 306 rr

66 315 184 400 ptirudo
205 337 290 384 arcus
310 321 459 386 meridiani
480 343 569 398 quem
590 337 709 384 mensus
729 315 788 385 fuit
816 327 890 388 Cas·

66 404 168 478 sinus,
187 417 251 465 erat
273 417 392 484 tantum
413 401 478 483 8⁰,
502 403 539 480 3⁸
571 427 604 467 ιι
618 397 715 484 Ui,
734 399 812 467 unde
846 402 891 466 ni·

67 483 124 546 mis
144 481 279 564 pontioni
299 499 384 546 erant
403 482 527 562 gradus,
553 499 587 547 ut
615 507 717 550 eorum
747 483 890 549 sensibilis

67 579 224 642 appareret
242 559 426 628 differentia.
449 569 516 628 Non
537 585 606 642 ergo
627 569 752 642 mirum,
781 566 805 627 si
825 583 890 627 cas-

67 643 190 710 sinianis
208 645 351 708 mensuris
374 647 575 728 praetermissis
594 666 645 712 eas
665 641 890 728 amplediarnur,

68 745 145 804 quas
163 739 263 802 perrea
284 725 479 792 instituerunt
500 725 670 794 Academici
690 727 725 792 ad
746 724 891 790 borealem

70 805 192 884 polum,
213 803 247 870 dt
269 805 303 870 ad
324 822 505 884 aequmoretn
527 809 687 888 progressi,
704 827 829 888 quorum
850 805 892 867 la-

71 885 342 952 boribus-omnibus
360 887 537 968 disceptatio
556 891 634 956 circa
656 906 744 955 terrae
770 885 913 964 figuram.
1008 965 1014 974 .

72 967 219 1045 dirempta
240 985 302 1032 est.
732 1029 738 1042 Κ

87 1059 90 1128 j
121 1071 192 1124 7⁷2·
213 1047 357 1110 lucrabis·
380 1044 464 1110 Adeo
481 1047 604 1113 incertae
626 1047 895 1112 sunrnorissimaea

77 1127 284 1204 parisiensibus
307 1125 489 1189 Academicis
508 1129 618 1190 habitae
646 1127 784 1205 graduum
812 1125 901 1188 meri-v

81 1206 164 1271 diani
194 1223 364 1282 mensura,
406 1221 440 1270 ut
464 1206 525 1282 ipse
560 1205 795 1286 Maupertuisius
831 1215 898 1282 post

75 1299 203 1352 suum‘a
223 1285 292 1362 polo
312 1285 438 1350 reditum
460 1287 669 1369 incompertam
690 1285 784 1352 fassus
804 1281 897 1350 fuerit

78 1365 194 1432 telluris
214 1363 333 1443 liguram
355 1367 367 1442 (
387 1366 488 1442 Episn
508 1365 543 1434 de
562 1369 661 1454 progr.
680 1370 781 1433 scient.
801 1365 814 1443 )
844 1364 897 1430 tri-

78 1447 147 1524 plici
168 1467 205 1512 ex
223 1449 339 1522 capite.
358 1449 388 1524 1,
409 1445 496 1534 Quod
516 1451 661 1515 incertum
682 1453 722 1514 sit
743 1471 812 1512 num
840 1445 897 1510 tel·

83 1527 155 1592 luris
174 1533 267 1604 spatia
288 1529 370 1594 inter
388 1528 446 1607 jam
467 1527 610 1594 dimensos
632 1529 783 1595 meridiani
791 1523 897 1607 gradus

82 1609 254 1684 interposita
276 1611 335 1673 sint
357 1608 513 1675 curvedine
535 1609 699 1678 dissimilia.
732 1613 778 1688 ll,
808 1603 912 1695 Quodn

82 1689 218 1765 ehordae,
248 1711 316 1767 quae
343 1685 490 1754 meridiani
518 1691 622 1788 gradus
649 1690 861 1772 subtendebant
875 1734 898 1784 ·,

83 1791 142 1830 non
162 1790 279 1834 omnem
300 1787 418 1835 servent
440 1789 654 1850 proportronem
675 1793 812 1848 arcuum,
834 1789 910 1844 qur·-

85 1849 133 1913 bcs
153 1849 345 1924 respondent.
364 1856 429 1930 111,
480 1850 547 1914 uod·
567 1873 652 1916 nemo
673 1850 809 1916 asuerus
837 1868 899 1912 me-

84 1931 160 1996 titus
190 1925 281 1995 suerit
319 1933 433 2008 gradus·
449 1858 655 2010 §ienispnaerii
685 1929 900 2008 meridionalis,

83 2011 132 2086 dul
160 2007 276 2074 differre
303 2029 424 2088 possunt
451 2011 786 2088 aseptentrionalibus.
817 2009 900 2072 Hinc
957 2062 963 2075 .

82 2089 131 2154 Cl.
153 2093 389 2154 Mathematicus
408 2089 494 2153 aliam
515 2093 663 2167 proposuit
684 2091 762 2156 viam
782 2088 818 2155 ad
837 2107 900 2152 ter·

82 2189 126 2233 rae
140 2168 266 2245 ,figuram
287 2167 507 2254 stabiliendam:
534 2189 638 2244 nempe
666 2170 781 2235 lunares
809 2166 903 2250 paral-

83 2249 184 2324 lanes,
207 2267 243 2310 er
264 2267 385 2324 quarum
404 2249 653 2314 observationibus
673 2249 788 2318 chordae
807 2249 904 2330 ⁸habt.

83 2330 109 2392 ri
131 2337 249 2404 possent
267 2329 407 2406 graduum
428 2331 558 2394 omnium
579 2330 744 2398 meridiani.
879 2353 881 2356 ·

127 2431 195 2484 773·
218 2411 258 2473 R.
281 2411 489 2488 Maupertuisii
510 2431 641 2476 mentem
665 2435 722 2476 non
752 2409 842 2477 fuisse
864 2409 902 2475 de

83 2486 197 2552 telluris
220 2487 328 2569 ligura,
347 2489 380 2558 dr
401 2493 626 2558 accuratissimis
646 2495 751 2559 habitis
760 2489 901 2574 graduum

84 2569 227 2638 mensuris
247 2569 407 2654 dubitare,
436 2572 486 2638 sed
514 2571 722 2640 tantummodo
750 2573 901 2656 scrupulos

85 2670 264 2731 proponere,
285 2655 333 2729 qui
356 2655 468 2718 moveri
488 2653 575 2718 ineas
594 2673 728 2734 possent:
750 2657 780 2718 lsi
801 2669 905 2736 tamen

85 2728 158 2794 solvi
178 2728 261 2794 nullo
279 2736 399 2818 negotio
418 2751 552 2815 queunt,
571 2735 596 2798 si
616 2733 800 2801 advertamus
822 2755 902 2799 com·
928 2776 932 2783 ,

86 2827 198 2889 perram
235 2814 294 2891 'pam
330 2836 393 2880 esse
421 2815 534 2886 telluris
570 2813 691 2895 liguram
726 2815 903 2882 sensibiliter

89 2893 259 2970 sphaericam
280 2895 328 2972 (n.
351 2896 451 2978 775),
471 2897 501 2960 in
521 2917 578 2974 qua
599 2914 749 2976 propterea
769 2897 923 2962 omnium-

89 2971 229 3050 gradnum
249 2973 402 3041 intervalia
422 2977 527 3042 similia
548 2997 612 3044 esse
630 2977 755 3055 debent,
784 2974 902 3042 chordae

89 3073 207 3146 arcuum
227 3055 473 3136 proportionales,
494 3079 527 3121 ac
552 3077 708 3136 utrumque
731 3059 904 3135 hemisphae-

88 3153 164 3226 num
194 3134 326 3212 ejusdem
354 3139 579 3221 convexitatis,
608 3161 676 3205 cunr
704 3143 767 3205 haec
783 3139 903 3203 “omnia

88 3227 186 3304 exigat
205 3218 306 3280 conica
329 3217 442 3283 telluris
465 3219 566 3284 umbra
596 3221 624 3284 in
646 3219 746 3284 lunam
776 3214 903 3298 projedla

91 3290 200 3354 lunarat
227 3295 342 3373 eclipsis
372 3316 527 3378 tempore.
561 3303 610 3365 De
639 3300 697 3366 alia
733 3297 872 3384 methodo
893 3348 917 3376 „

90 3391 177 3462 quam
199 3377 331 3451 proponit
346 3381 601 3460 Maupertuisius,
623 3402 681 3446 non
704 3395 749 3442 est
771 3397 905 3446 nostrum

91 3453 253 3536 disputare3
273 3477 336 3520 eam
358 3457 394 3522 ad
411 3457 524 3522 telluris
546 3457 663 3536 liguram
673 3458 903 3537 cognoscendam

91 3535 229 3614 imparem
268 3539 385 3604 cemuit
422 3539 560 3616 l'risius,
596 3537 674 3616 quod
700 3540 813 3682 exigulae
843 3541 904 3605 sint

494 3625 521 3686 A
565 3633 583 3687 6
795 3643 865 3684 unn-
