2174 4084
260 247 316 312 196
551 232 717 306 «Elrmrata

218 313 339 390 simplici
365 309 427 380 face
456 311 584 390 genitam
607 315 634 377 iu
656 311 797 376 distantia
829 319 975 390 passuum
1004 345 1042 385 ro

223 393 363 470 aequalem
384 413 447 456 esse
466 393 523 456 luci
544 395 652 469 genitae
674 415 721 463 an
743 391 885 458 similibus
909 396 1046 464 flammis

223 474 258 540 ad
277 471 445 536 distantiam
465 493 600 550 passuum
625 493 689 540 20:
709 472 758 534 sed
781 472 832 534 lux
852 495 869 535 a
891 502 912 546 4
933 482 1043 544 emissa

223 551 349 620 candelis
371 556 398 614 in
422 553 561 617 distantia
582 573 698 629 passum
721 553 777 630 ro,
808 553 972 634 quadrupla
997 579 1041 624 est

223 633 288 698 luce
308 631 343 696 ab
364 634 447 698 unica
469 631 587 698 candela
608 635 643 700 ad
666 631 785 696 eandem
805 632 981 702 distantiam
1003 639 1043 703 di·

225 730 383 785 manante,
404 734 469 775 rum
493 711 609 776 clauus
630 717 688 776 sint
710 714 768 778 suis
788 717 899 780 caussis
924 740 1041 798 propos.

229 793 356 860 tionales
374 815 381 852 :
400 799 479 870 'ergo
501 792 551 854 lux.
570 793 606 857 ab
628 796 711 860 unica
742 793 860 858 candela
889 797 1041 872 profluens

226 874 262 937 ad
284 873 453 938 distantiam
480 895 516 935 ro
545 893 677 948 passuum
699 871 757 935 erit
786 873 942 952 quadrupla
975 879 1039 942 luce

225 952 352 1034 ejusdem
373 949 501 1016 candelae
514 953 550 1016 ,in
569 953 711 1019 distantia
732 974 864 1028 passuum
885 979 949 1034 20,
984 979 1040 1024 seu

225 1037 255 1098 in
276 1032 414 1098 distantia
434 1030 517 1107 dupla
538 1081 548 1110 ,
576 1035 660 1096 sicuti
685 1053 745 1102 400
765 1033 933 1109 quadratum
966 1059 1036 1116 pas·

225 1135 309 1182 suum
331 1137 370 1178 20
392 1129 438 1176 est
457 1111 642 1188 quadruplum
669 1134 725 1174 roo
745 1113 877 1187 quadrati
897 1117 1038 1192 passuum

232 1215 286 1276 103
314 1193 456 1260 decressit
477 1213 544 1267 ergo
561 1191 638 1274 luris
660 1195 813 1262 intensitas
833 1215 866 1259 ea
888 1195 1035 1275 ratione,

172 1339 174 1344 ,
229 1296 286 1354 qua
315 1291 447 1340 crescunt
476 1271 682 1338 distantiarum
715 1271 853 1350 quadrata
881 1297 899 1340 a
928 1277 1034 1354 puntlo

228 1353 379 1423 radiante.

274 1451 358 1514 1269.
379 1435 470 1500 olcas
489 1454 556 1499 cum
578 1433 731 1500 Fardella.
759 1439 804 1500 Ex
833 1433 925 1500 allato
950 1458 1035 1515 cape

229 1523 356 1584 rimento
382 1513 508 1580 infertur
548 1517 689 1592 sphaeram
721 1515 923 1581 illuminatam-
958 1540 976 1581 a
1015 1543 1036 1589 4

228 1596 356 1666 candelis
384 1597 486 1663 habere
527 1595 701 1658 diametrum
736 1596 854 1673 duplam
890 1598 1036 1664 diametro

230 1681 351 1758 sphaetae
373 1699 388 1739 a
410 1677 530 1754 simplici
540 1674 661 1742 candela
683 1675 859 1740 illustratae:
878 1679 926 1742 sed
947 1682 1040 1756 sphae-

229 1781 270 1823 rae
290 1759 433 1828 rationem
464 1759 570 1823 habent
596 1757 671 1819 iuter
699 1778 731 1818 se
765 1759 940 1838 triplicatam
967 1779 1040 1824 sua-

230 1861 294 1904 rum
315 1837 520 1902 diametrorum
543 1841 556 1912 (
581 1839 681 1898 Geom.
708 1855 738 1898 n.
760 1861 818 1913 27⁴
847 1837 872 1912 ):
894 1859 963 1914 ergo
987 1835 1040 1901 de·

229 1919 333 1984 crescit
357 1919 512 1986 intensitas
539 1917 658 1982 luminis
687 1917 717 1982 in
745 1918 861 1982 tatione
889 1921 1039 1994 reciproca

228 2000 394 2078 triplicata,
417 1995 707 2071 nonveroduplicata
729 1997 950 2064 distantiarum.
970 1999 1041 2061 Re-

228 2103 322 2159 vera,
353 2080 385 2146 si'
397 2079 454 2145 duo
475 2091 627 2146 sumantur
646 2097 713 2139 vasa
744 2079 890 2154 sphaerica.
902 2078 945 2142 ita
967 2077 1039 2140 inae·

128 2184 145 2192 ‘
229 2163 351 2240 qualia,
385 2179 417 2240 ut
441 2163 526 2222 nnius
555 2159 697 2221 diameter
717 2158 755 2220 sit
788 2157 872 2236 dupla
894 2157 1039 2222 diametro

228 2243 364 2316 alterius,
395 2243 424 2310 in
447 2242 538 2319 primo
553 2235 750 2304 continebitur
770 2257 843 2314 aqua
867 2237 981 2316 odupla
1002 2235 1040 2299 il-

227 2323 301 2398 lius,
322 2323 404 2400 cuijus
426 2337 473 2388 est
493 2343 581 2404 capax
591 2339 642 2382 vas
661 2317 765 2382 habens
786 2316 956 2397 subduplam
977 2317 1042 2384 dia·

229 2419 374 2468 metruma

275 2503 362 2558 1270.
384 2486 558 2562 usphaerae
581 2499 642 2544 tam
655 2481 699 2545 ab
720 2499 795 2557 una,
815 2499 904 2560 quam
922 2475 1042 2555 apluri-

232 2565 284 2630 bus
307 2561 478 2628 illuminatae
500 2563 613 2628 facibus
641 2557 763 2624 eandem
783 2561 901 2626 omnino
929 2561 1040 2622 diame-

232 2665 311 2708 trum
333 2645 458 2724 habent,
477 2645 697 2708 curndiamerer
717 2638 865 2717 pendeata
887 2641 1041 2715 distantia,

231 2725 370 2786 distantia
392 2747 459 2788 uero
479 2748 495 2787 a
516 2724 685 2798 celeritate,
706 2741 773 2796 quae
794 2721 914 2810 aequalis
934 2737 979 2782 est
1002 2719 1036 2779 in

235 2803 362 2880 quolibet
384 2804 458 2868 lucis
479 2808 573 2882 radio,
594 2819 799 2879 quamcunque
819 2803 919 2864 habeat
939 2797 1042 2874 spissi·

231 2881 390 2962 tudinem3.
404 2885 478 2952 unde
499 2904 598 2963 paret,
620 2899 840 2961 argumentum,
862 2879 1045 2962 oppositam·

224 2984 288 3042 ¹que
309 2968 465 3041 paritatem
487 2966 555 3032 lalsa
576 2982 756 3041 supponere.
807 3013 810 3020 a
1009 2963 1016 2970 ’

397 3122 424 3206 §.
444 3129 501 3191 tlt.
519 3132 564 3192 De
583 3123 673 3190 tucis
692 3116 879 3204 Reflexione.

275 3280 1039 3367 1271.Definitdeflexiolucisesttepressioparticu-

231 3366 320 3432 larum
335 3367 427 3430 lucisa
441 3365 587 3440 tralaticia
596 3365 739 3444 torporis,
762 3363 792 3424 iu
803 3385 888 3438 quam
900 3362 1042 3426 incidunt.

277 3475 361 3522 1171.
384 3445 525 3510 uuinton.
545 3443 690 3510 Vocabula
710 3495 718 3524 ‚
748 3442 856 3525 quidus
877 3445 990 3506 urimur
1009 3443 1041 3518 in

226 3544 381 3606 corporum
402 3515 561 3606 reflexione
581 3523 774 3604 explicanda,
796 3525 859 3602 jam
878 3517 953 3665 alldli
974 3539 1041 3586 enu-

707 3633 734 3650 »
920 3621 936 3666 c
950 3625 999 3669 ea·
