2174 4084
258 283 390 368 Physica
411 283 622 351 Particularis.
747 301 801 364 nos

33 370 70 438 ἀ
91 368 125 435 ael
146 367 365 447 instat'glutinis
386 363 524 432 lariuaeei
533 368 615 444 quasi
624 387 762 450 mucosa,
787 369 851 433 nul·

37 458 133 530 lisque
154 447 293 515 instruile
314 446 390 512 libris
408 445 448 510 ed,
474 464 590 512 motum
610 443 799 514 deferendum
818 469 852 516 a·

38 534 115 614 ptis.
135 534 199 608 IV,
221 529 334 592 Retina
353 524 605 604 sanguilerissasis
624 527 765 611 abundat,
782 549 850 608 quae

36 613 170 690 imaginis
191 623 361 672 securatam
383 607 521 682 uiliorem
543 607 725 684 impediunt.

79 715 167 768 snos·
191 693 233 752 R·
253 685 301 756 Ad
323 711 350 748 r.
371 687 554 762 Diophanem
574 707 640 751 esse
659 691 786 756 retinam
806 687 851 757 sa·

37 789 126 848 teor,
148 767 285 843 adeoque
304 785 337 830 se
356 763 416 828 sola
436 766 565 842 ineptam
587 763 624 826 ad
641 767 750 834 claram
772 769 860 850 obies-

8 849 76 916 feii
97 848 251 924 imaginem
270 842 480 926 recipiendam
500 843 605 908 unitur
624 862 723 911 tameo
746 853 852 918 terinae

39 933 123 1009 nigra
144 923 314 1005 choroides,
343 945 410 1004 quae
441 927 505 1004 ejus
525 922 757 1002 pelluciditatom
778 945 853 995 tem·

38 1025 143 1089 perat,
166 1023 324 1086 aptamque
344 1004 437 1072 reddit
457 1003 493 1069 ad
513 1004 680 1085 sensibiles,
703 1003 852 1084 clarasque

41 1091 183 1168 imagines
203 1085 420 1165 suscipiendus:
442 1086 531 1149 uenti
552 1101 692 1150 stannum
707 1087 856 1162 neuterio-

39 1191 104 1236 tem
130 1165 261 1244 crystalli
290 1163 394 1231 faciem
425 1165 599 1241 obduoens,
636 1167 730 1243 ipsum
759 1163 856 1232 reddit

39 1249 225 1328 aptissimum
245 1244 280 1308 ad
302 1242 425 1324 objecta
446 1245 676 1323 reinerspieuam
698 1244 856 1322 imaginem

39 1327 277 1407 exprimendam.
307 1330 412 1402 Neque
440 1324 508 1391 inde
538 1321 646 1390 inseras
664 1323 858 1408 eboroidem,

40 1425 148 1488 utpote
167 1406 203 1470 ad
224 1407 365 1472 visionem
382 1407 592 1486 necessariam,
612 1427 676 1472 esse
684 1406 855 1484 primarium

39 1492 120 1555 visus
151 1505 305 1565 organum:
332 1487 500 1550 nonenim
530 1487 578 1549 bic
605 1485 643 1551 de
661 1486 790 1565 partibus
820 1484 858 1552 ad

41 1571 184 1633 visionem
218 1565 386 1630 necessariis
414 1564 627 1644 disputamus,
662 1586 730 1644 quae
758 1565 857 1645 plures

41 1665 112 1714 sunt
133 1663 240 1726 praeter
260 1643 429 1711 eboroirlem
439 1665 463 1741 ς.
478 1645 530 1710 sed
550 1645 588 1710 de
606 1664 708 1728 perte,
729 1667 798 1726 quae
818 1645 857 1712 ad

43 1727 194 1795 oerebrunn
230 1723 326 1793 defert
355 1727 529 1792 sensationis
567 1725 738 1808 tillonem,
769 1725 856 1794 litem

43 1828 215 1876 movemus.
630 1851 632 1856 -

8 1905 10 1910 ’
60 1923 63 1930 ’
89 1902 176 1963 119⁶.
196 1884 244 1951 Ad
274 1912 302 1951 2.
329 1884 417 1948 Licet
448 1887 542 1950 retina
570 1886 707 1950 chornide
735 1888 859 1953 crassior

43 1968 199 2045 videatur,
220 1963 312 2030 adhuc
334 1964 484 2042 aptissima
504 1981 550 2028 est
572 1964 608 2028 erl
628 1964 803 2045 objeblorum
820 1969 863 2047 oi·

44 2049 142 2114 &uras
162 2043 378 2124 exprimendas:
399 2061 435 2107 ut
456 2047 535 2109 enim
558 2043 586 2107 id
606 2046 781 2122 contingat,
804 2065 863 2110 non

46 2146 94 2194 est
117 2145 263 2204 necesse,
293 2139 327 2189 ut
350 2123 503 2190 illabentes
523 2120 595 2190 radii
627 2125 656 2187 in
679 2143 739 2186 uno
758 2125 864 2202 punblo

45 2207 258 2274 mathematico
278 2205 436 2288 uniantur3
466 2203 516 2268 sed
537 2201 645 2270 sufficit
669 2205 811 2270 uniantur
832 2207 863 2268 in

45 2284 155 2361 nunilo
174 2285 311 2364 physico,
338 2285 429 2349 sicuti
457 2285 602 2350 distinblae
630 2303 793 2352 cernuntur
812 2287 865 2350 ob·
969 2319 974 2328 ·

49 2365 189 2450 jeblorum
210 2365 348 2443 imagines
370 2383 450 2430 trans
471 2364 582 2430 lentem
612 2365 641 2428 in
661 2370 764 2432 charta
785 2365 864 2444 leni·

48 2449 113 2525 lio,
141 2447 198 2511 etsi
227 2450 330 2511 charta
352 2443 449 2524 paullo
477 2443 576 2524 ultra,
604 2443 651 2510 vel
672 2447 747 2511 citra
775 2444 866 2513 lentie

50 2527 174 2604 locum,
209 2527 319 2603 inquo
350 2541 468 2590 tentum
490 2528 632 2591 uniuntur
662 2525 753 2604 radii,
773 2525 864 2590 collo·

42 2625 153 2676 cetur.

95 2710 183 2763 1197·
205 2685 251 2750 Ad
275 2679 299 2762 3'.
321 2685 408 2752 Licet
427 2687 505 2752 inter
518 2685 774 2765 Philosophosoon
795 2709 868 2753 con·

50 2769 153 2834 veniat
174 2766 250 2830 circa
269 2768 377 2832 cerebri
399 2787 536 2846 sensum,
556 2787 624 2832 cum
646 2765 763 2845 quidam
784 2768 867 2835 illum

53 2847 253 2926 meningibus,
283 2847 332 2931 alii
360 2847 414 2926 ipsi
435 2848 614 2914 substantiae
630 2851 739 2916 cerebri
760 2849 868 2916 adscri-

51 2931 149 3008 bant;
179 2945 293 2992 certum
323 2945 423 2994 tamen
450 2946 497 2994 est
526 2928 728 2995 mollissimam
757 2930 867 2998 cerebri

51 3010 248 3075 substantiam
269 3027 334 3072 esse
354 3010 554 3072 sensationum
577 3009 694 3091 sedem,
726 3010 762 3074 ad
782 3031 871 3151 lm

54 3106 157 3156 motus
175 3107 275 3152 omnes
298 3089 327 3150 in
348 3089 477 3152 externis
496 3089 608 3164 organis
638 3089 768 3167 impressi
807 3084 868 3153 efe-

56 3183 167 3234 runtur
186 3165 289 3229 mediis
320 3167 443 3242 nervis,
471 3165 518 3229 vel
547 3167 651 3242 spiritu
682 3185 791 3232 nerveo
821 3184 872 3246 per

56 3265 215 3316 neruorum
245 3241 361 3307 canales
382 3243 572 3329 deeurtente3
601 3265 661 3323 quo
689 3246 786 3326 posito
814 3267 874 3310 non

57 3345 108 3394 est
130 3345 221 3402 opus,
244 3340 278 3386 ut
300 3324 396 3386 retina
414 3324 455 3385 sit
476 3324 567 3404 dora,
589 3345 656 3388 curn
677 3325 801 3390 allioner
823 3326 872 3390 ob

64 3407 202 3492 iellorum
223 3424 281 3467 non
312 3405 510 3467 communicet
540 3405 656 3468 cerebro
687 3423 872 3484 permotum

60 3484 245 3564 tremulum,
275 3481 311 3547 ad
331 3503 416 3561 quern
435 3482 654 3562 concipiendum
690 3483 785 3562 aliqua
805 3504 875 3556 ten·

61 3570 107 3637 sio
126 3583 171 3630 est
194 3561 368 3630 necessaris:
386 3562 437 3631 sed
459 3585 508 3645 per
517 3563 656 3634 animales
676 3567 868 3648 spirituseius

57 3731 59 3735 ⁸
103 3645 383 3720 abaritanam
543 3648 577 3718 ll
748 3668 853 3729 poros
