2174 4084
314 197 444 282 Physica
464 201 677 274 Particularis.
779 223 831 279 iti

8 283 15 346 i
71 283 158 365 cujus
186 283 401 350 semidiameter
430 308 461 350 se
490 289 577 352 habet
605 287 641 352 sd
671 305 840 359 terrestrem
862 339 875 374 .,

7 365 13 428 i
71 383 108 428 ut
129 375 269 438 2⁴4800:
301 389 338 444 r,
368 364 494 446 adeoque
518 371 690 433 immensum
718 391 792 449 pene
812 391 874 454 sper

7 465 11 500 l
69 447 215 524 tiumlit.
240 446 334 522 361).·

110 551 197 605 1227.
220 530 260 591 R.
283 530 386 602 Ingens
405 543 468 606 est,
488 542 522 592 at
544 550 616 608 pene
636 529 808 597 incredibilis
830 531 874 598 lu·

67 607 110 678 eis
132 609 282 684 tenuitas,
303 627 368 682 quae
390 609 419 669 in
441 631 610 686 quacunque
630 613 796 691 sententia,
816 614 873 678 cit·

7 749 8 752 ,
48 708 102 750 ·ca
122 691 186 766 ejus
196 703 340 762 naturam,
363 685 480 750 admitti
500 691 660 752 necessario
681 692 782 756 debet:
803 711 871 757 cum

7 817 14 824 .
67 769 147 829 enim
168 765 265 828 radius
287 766 353 829 solis
365 764 540 830 levissimam
561 768 686 865 plumam
709 775 872 847 percutiens
944 785 946 789 “

48 845 119 910 ·filo
127 865 292 922 suspensam
303 891 312 924 ‚
332 867 369 910 ne
389 847 538 910 minimam
547 847 661 925 quidem
680 853 871 926 agitationem

48 927 123 1001 ipsi
145 927 311 1001 impertiat:
332 941 366 992 ac
387 927 621 994 delicatissimam
644 933 770 991 retinam
791 931 871 994 uelli-

51 1023 119 1070 ·cet
140 1005 220 1069 nullo
249 1009 382 1072 excitato
410 1007 531 1086 dolore,
553 1010 632 1084 ‘opus
661 1007 794 1084 equidem
824 1027 871 1074 est

51 1089 131 1165 ejus
151 1088 303 1163 particulae
327 1092 386 1152 sint
416 1105 498 1165 supra
522 1107 639 1165 captum
664 1089 871 1166 tenuissimae,

69 1167 221 1248 multoque
242 1170 332 1231 etiam
352 1167 519 1232 subtiliores
539 1170 590 1246 iis,
613 1171 642 1230 in
664 1189 735 1244 quas
755 1187 872 1241 corpora

61 1245 202 1320 ,quaedam
223 1265 306 1323 arte,
334 1249 379 1310 vel
407 1265 511 1312 natura
532 1247 730 1311 dissolvuntur
752 1253 763 1325 (
785 1243 871 1322 Phys.

69 1331 140 1389 Gen.
165 1345 194 1389 n.
214 1349 270 1400 3³4
296 1327 324 1401 l:
353 1331 422 1391 hinc
444 1327 656 1392 demonstravit
687 1329 801 1392 Xeilius
831 1325 874 1388 lu-

69 1427 133 1469 cem
153 1427 170 1468 a
190 1406 251 1470 sole
272 1410 405 1474 emissam
426 1409 510 1472 unius
530 1413 609 1472 horae
629 1412 723 1485 soatio
751 1459 760 1488 ,
797 1407 820 1470 si
842 1407 871 1470 in

11 1509 16 1512 ·
67 1485 189 1550 solidam
213 1507 335 1552 massam
365 1506 589 1570 concresceret,
619 1492 666 1552 vix
690 1505 871 1565 aequaturam

69 1585 159 1629 unum
188 1589 285 1632 arenae
314 1571 492 1650 granulum3
523 1593 579 1634 uno
606 1591 675 1648 ergo
704 1571 795 1632 solido
824 1567 872 1630 die

68 1647 185 1710 euicta
218 1649 277 1711 sole
299 1649 394 1715 lucida
415 1647 537 1717 materia
559 1677 599 1724 -s4
621 1669 718 1715 arente
745 1647 871 1727 granulis
959 1691 962 1696 -

68 1727 202 1804 aequalis:
223 1751 281 1791 uno
302 1751 379 1793 anno
393 1743 489 1810 8760,
512 1754 561 1795 sex
584 1732 762 1796 millionatiis
782 1728 872 1808 jatlu·

68 1827 98 1868 ta
120 1808 305 1882 aequivalebit
326 1831 421 1873 arenae
441 1811 566 1887 granulis
589 1826 766 1888 52600000,
786 1809 871 1870 adeo·

68 1907 124 1961 que
143 1886 315 1949 'insensibilis
336 1891 393 1950 erit
420 1889 512 1952 relate
532 1889 567 1950 ad
587 1890 653 1951 solis
676 1910 815 1964 massam,
836 1886 869 1950 dt

68 1964 229 2029 uolumen.
259 1970 289 2028 Ρ.
309 1969 400 2029 etiam
423 1971 578 2030 Boscovich
608 1969 636 2029 in
659 1988 777 2030 romano
806 1965 873 2028 lire·

65 2062 195 2110 tutorum
227 2046 317 2109 diario
337 2049 404 2110 anni
427 2073 502 2124 ¹7⁴7
526 2048 655 2112 ostendit
677 2065 790 2110 tantam
810 2053 872 2107 esse

64 2126 141 2186 lutis
165 2127 361 2202 tenuitatem,
395 2146 427 2191 ut
451 2149 629 2204 unusaquae
650 2128 757 2204 digitus
779 2129 871 2200 sphae·

67 2207 143 2268 ricus
163 2207 417 2271 contineatmulto
439 2208 501 2286 plus
524 2211 670 2288 materia,
696 2224 782 2283 quam
803 2213 872 2268 con-

69 2287 164 2349 tineat
185 2285 300 2362 lumen,
320 2287 396 2364 quod
418 2292 459 2354 sol
477 2291 615 2355 emittere
634 2289 723 2368 possit
745 2285 872 2364 pluiibus

68 2366 192 2428 millenis
213 2368 385 2430 saeculorum
409 2371 559 2447 millibus,
589 2391 675 2447 quam
695 2370 753 2431 sint
779 2366 872 2430 minu-

68 2446 190 2510 tissimae
209 2448 354 2523 arenulae,
376 2471 442 2525 quae
464 2455 626 2516 universam
648 2469 734 2516 terrae
755 2444 871 2523 superfi-

65 2527 144 2589 ciem
166 2526 290 2601 plutibus
316 2532 424 2593 uicibus
445 2536 614 2608 operirent.
646 2533 712 2596 Scio
733 2527 783 2590 h'os
811 2525 870 2588 cul-

65 2605 148 2669 culos
170 2627 226 2669 uon
256 2611 387 2674 omnibus
407 2615 611 2691 Cattesianis,
638 2611 671 2675 dt
705 2609 871 2671 Malcbran·

65 2685 177 2771 chianis
199 2689 334 2770 probari,
364 2695 411 2769 qui
437 2711 552 2756 tantam
585 2693 657 2754 lucis
677 2690 870 2753 subtilitatem

63 2769 201 2860 precariis
222 2773 455 2851 hypothesibus,
484 2771 519 2837 dt
540 2771 653 2850 effugiis
675 2785 833 2836 accensent
860 2783 870 2845 ς

64 2867 116 2922 qui
139 2865 235 2911 tamen
269 2875 333 2915 earn
355 2855 524 2934 denegant,
552 2858 623 2932 opus
646 2855 719 2934 est,
747 2871 813 2928 quae
835 2847 872 2912 de

65 2931 290 3010 mathematica,
312 2932 346 2998 dt
369 2939 486 3013 Physica
508 2939 640 3000 materiae
660 2933 872 3008 divisibilitate,

64 3005 104 3071 de
124 3013 281 3078 existentia
304 3019 445 3095 aethetis,
477 3017 509 3082 &
529 3020 682 3093 spirituum
702 3012 870 3077 animalium

34 3105 35 3110 ’
64 3092 126 3162 ipsi
147 3093 269 3168 dotent,
290 3117 307 3156 e
329 3100 387 3157 suis
410 3097 486 3159 libris
507 3113 691 3173 expungant3
723 3096 781 3152 imo
803 3107 871 3180 terto

68 3189 186 3242 aetem,
216 3172 356 3248 liquidum
378 3177 579 3237 tenuissimum
601 3177 629 3236 in
651 3169 765 3236 insedlis
787 3169 872 3230 mini-

68 3249 141 3325 mis,
171 3249 289 3325 aliisque
310 3256 420 3316 centies
443 3253 545 3316 millies
568 3256 610 3316 his
631 3253 805 3327 minoribus,
827 3243 871 3308 l'a·

6 3333 8 3340 ⁴
68 3330 142 3394 bulis
164 3349 393 3410 connumerent,
413 3333 489 3410 quod
511 3332 619 3411 oculis,
648 3332 682 3397 dt
702 3328 790 3395 tadlui
812 3347 870 3389 non

6 3485 8 3492 ,
43 3413 241 3490 „wblttentt
272 3433 325 3474 nee
355 3433 454 3480 earum
480 3411 677 3481 subtilitatem
710 3413 753 3477 ita
784 3404 870 3473 facila

66 3495 291 3575 coiscipicmun
813 3571 820 3586 ⁶
858 3501 867 3554 t

6 3581 8 3594 ⁵
792 3579 836 3640 su
