2190 4080
249 339 252 345 ¹
309 271 462 350 -Physitae
482 274 697 348 Particularia.
818 303 876 361 237

150 375 181 428 13
208 376 235 426 9·
257 351 518 430 Prnaaiurspars,
537 358 565 421 si
587 356 645 422 duo
654 353 776 434 aqualia
796 357 905 440 ubjedla

105 435 152 512 A,
171 379 206 497 di
227 436 249 494 B
270 432 434 508 indiversa
457 436 732 504 sensibilidistantia
746 455 905 517 appareant

102 513 158 592 ita,
180 531 213 577 ut
237 517 264 581 A
287 509 432 578 referatur
456 517 491 578 ad
510 515 681 584 distantiam
695 515 784 595 dupla
796 522 828 598 B,
848 525 907 599 jam

104 597 133 656 Α
154 591 304 670 apparebit
323 592 411 670 duplo
432 598 524 674 majus
545 601 584 660 li.
604 605 682 664 Cum
705 600 782 662 enim
791 617 910 664 certum

102 675 265 768 unicuique
282 672 322 740 sit
338 694 394 751 pru
412 676 514 750 majori
534 675 674 742 distantia
696 677 839 758 objeilum
856 701 906 756 ap·
988 690 994 707 ‘

103 771 202 832 parere
223 771 319 816 murus
340 801 348 830 ‚
370 753 428 832 iam
449 753 473 814 si
494 757 522 817 A
543 755 572 816 in
592 757 676 834 dupla
698 757 838 824 distantia
860 759 908 824 vi·
944 784 947 790 ¹

103 829 192 912 dptur
211 830 377 910 aquales,
396 829 475 917 quod
495 831 667 899 distantiam
677 837 845 914 subduplam
856 825 927 904 bu·-x

104 911 165 990 bet,
186 913 334 988 apparebit
356 919 385 977 A
406 912 575 990 magnitudo
597 913 634 978 dn
656 913 716 978 lali
731 962 738 976 .
756 922 829 980 Sunt
838 940 906 994 ergo

89 1009 278 1070 ,apparentes
300 992 474 1072 objedlorum
492 937 708 1072 magnitudines
722 1051 725 1055 ,
739 997 769 1058 in
792 999 906 1064 ratione

101 1074 264 1150 composita
284 1073 457 1150 angulorum
477 1076 662 1154 opticorum,
691 1071 725 1140 dt
747 1074 904 1141 visibilium

102 1152 328 1233 distantiarum,
349 1153 384 1216 ad
404 1175 474 1231 quas
498 1150 684 1220 referuntur.

115 1273 117 1281 ι
145 1243 231 1308 1380.
251 1233 387 1298 Coralli.
407 1238 515 1300 Errant
534 1251 604 1311 ergo
625 1235 725 1313 Optici
748 1252 821 1314 pene
840 1255 903 1298 um-

104 1333 174 1390 nes,
195 1313 244 1390 qui
265 1334 300 1376 ex
321 1315 384 1377 solo
406 1317 512 1378 visorio
534 1314 640 1391 angulo
661 1333 833 1394 apparentes
854 1313 906 1390 ub7

101 1391 238 1472 jedlutum
260 1393 475 1470 magnitudines
495 1395 705 1463 determinant·
726 1397 753 1462 si
768 1399 907 1461 enimse·

102 1474 156 1540 lius
175 1473 270 1550 anguli
293 1477 389 1539 visorii
412 1466 639 1540 ratioshabenda
662 1472 751 1554 foret,
772 1479 831 1557 jam
853 1474 902 1538 ob·

99 1550 205 1635 jellum
229 1555 259 1618 in
279 1549 396 1636 dupla,
430 1555 474 1620 vel
497 1554 582 1634 tripla
604 1555 744 1621 distantia
767 1557 802 1620 ab
815 1553 904 1618 oculu
993 1597 995 1602 η

99 1649 266 1712 remotum,
288 1651 440 1714 appareret
461 1636 572 1715 duplo,
591 1635 641 1701 vel
665 1637 752 1715 triplo
775 1639 871 1700 minus
893 1680 903 1714 ,

100 1735 168 1780 uum
190 1718 221 1776 in
242 1736 276 1780 ea
300 1719 416 1780 ratione
436 1723 587 1781 decrescat
612 1718 741 1781 visorius·
756 1717 901 1796 angulus·;

100 1810 206 1871 prater
228 1798 366 1856 visorium
387 1816 455 1872 ergo
475 1796 613 1872 angulum
623 1795 657 1859 ad
669 1797 902 1874 definiendasap·

102 1891 236 1950 patentes
256 1871 432 1952 ubjedlurum
454 1874 690 1953 magnitudines,
714 1879 791 1939 ratio
811 1878 902 1942 etiam

7 1987 10 1994 ·
100 1951 231 2017 habenda
252 1969 299 2016 est
319 1951 497 2018 sensibilium
518 1954 751 2034 distantiarum,
774 1955 810 2020 ad
832 1975 907 2033 quas

100 2032 211 2112 abietis
232 2029 419 2098 referuntur.
834 2083 836 2086 .
857 2059 860 2066 ·

144 2122 230 2188 1381.
250 2111 358 2176 Curull.
379 2114 421 2178 Π.
441 2109 576 2198 Quaead
596 2111 718 2176 eandem
738 2112 909 2180 sensibilem·

74 2213 78 2218 ·
99 2187 270 2278 diptantiam
293 2192 429 2274 videntur
448 2193 502 2256 sub
521 2191 624 2256 eudem
644 2192 761 2275 angulo,
782 2193 827 2259 vel
850 2195 922 2258 sub*

99 2272 225 2352 aequali,
245 2291 387 2352 apparent
409 2273 548 2350 aqualia:
579 2273 639 2350 sic,
669 2275 735 2351 quia
756 2273 803 2338 Sul
829 2326 837 2354 ,
868 2273 902 2340 dt

99 2357 183 2416 Luna
206 2352 241 2416 ad
262 2353 384 2418 eandem
403 2352 566 2418 sensibilem
589 2352 760 2419 distantiam
771 2352 903 2420 referun-

95 2430 159 2510 tut,
179 2429 212 2498 ὃ(
231 2433 286 2498 sub
306 2433 414 2510 aequali
437 2436 536 2509 nitito
558 2433 664 2511 angulo
685 2435 832 2516 videntur,
854 2455 897 2498 ae-

99 2512 192 2590 qualis
220 2529 363 2591 apparent
394 2512 626 2592 magnitudinis.
653 2514 792 2579 Similiter
823 2513 901 2592 quod

99 2590 241 2672 objedlum
262 2595 292 2657 in
321 2592 427 2672 aequali
456 2594 584 2660 sensibili
614 2591 754 2658 distantia
784 2594 901 2660 videtur

99 2673 154 2738 sub
175 2675 280 2752 maiori
300 2673 424 2752 angulo,
455 2693 575 2754 apparet
596 2675 690 2753 majus
710 2693 721 2754 ,·
750 2674 827 2752 quad
848 2676 902 2740 sub

98 2754 215 2832 minori,
242 2771 360 2834 apparet
382 2757 503 2834 minus,
540 2753 616 2834 quod
637 2755 756 2820 tandem
776 2757 902 2820 suban-

64 2846 70 2856 '
97 2833 166 2913 gulo
186 2832 301 2900 infinite
321 2853 442 2916 parvo,
471 2834 666 2902 insensibilem
698 2837 786 2902 babet
816 2857 903 2915 appa-

100 2933 216 2978 rentem
239 2915 489 2994 magnitudinem,
510 2921 571 2982 sive
594 2915 628 2980 lit
649 2915 901 2994 plaue'intnnsp‘i-

98 3011 205 3074 cuumg
228 3007 380 3072 propterea
401 2995 511 3075 objedla
534 2995 618 3060 valde
639 3013 751 3072 remota
761 3001 830 3060 sunt
851 3021 903 3059 no·

56 3076 59 3087 “
98 3074 141 3138 bis
164 3074 348 3154 invisibilia3
380 3071 414 3138 dt
442 3075 636 3139 multilatetae
668 3073 765 3150 figurae
787 3077 901 3141 eminus
947 3075 950 3080 ’

99 3151 225 3231 positae,
246 3169 384 3230 apparent
406 3155 553 3232 rutundae,
576 3150 652 3230 quod
674 3173 774 3216 earum
796 3153 902 3235 latera,

99 3228 133 3296 ἀ
153 3230 250 3372 dumi
269 3231 463 3297 insensibilem
495 3235 636 3302 visorium
667 3231 804 3310 angulum
835 3235 902 3300 sub·

99 3328 152 3376 teu
173 3329 240 3375 unt.

146 3401 231 3466 1382.
253 3389 419 3458 castlar-r.
439 3389 519 3458 Idem
541 3390 682 3458 obiedlum
699 3393 839 3458 innraiori
857 3395 902 3460 di⁴

96 3472 207 3536 stantia
229 3490 350 3552 apparet
372 3476 479 3553 minus,
501 3472 534 3538 dt
557 3477 650 3552 majus
670 3473 834 3555 inminuti3
854 3494 901 3542 est
946 3482 948 3503 ¹

95 3555 177 3619 enim
197 3555 294 3636 maior
315 3556 437 3622 visurius
460 3555 582 3637 angulus
599 3578 619 3620 a
636 3554 697 3620 ob
722 3577 740 3620 u
758 3553 823 3634 jani
842 3554 902 3621 ab
938 3561 940 3564 ’

659 3631 805 3723 (fisus
828 3637 860 3715 i,
