2174 4084
263 210 335 263 ‘ara
571 193 722 258 Elementa

240 295 273 342 te
293 275 486 356 refringatur,
514 273 590 338 idem
619 296 730 352 semper
749 271 829 340 color
851 273 972 354 inipso
994 299 1047 360 per·

239 377 339 420 manet
362 409 371 438 ,
392 358 440 433 qui
460 356 550 418 etiam
572 358 767 429 perseverabit
789 373 1000 440 constanter,
1028 364 1044 425 ri

238 448 293 514 ope
313 437 400 500 lentis
425 455 524 497 onmes
546 455 596 512 per
616 439 746 500 chartam
768 433 882 510 erarem
904 440 1043 504 radiicol-

239 518 386 594 ligantur,
405 535 439 578 ac
462 533 561 590 postea
582 513 804 580 divaricatur:
827 516 901 584 item
924 540 983 582 suo
1002 519 1044 584 co

239 595 299 661 lore
317 595 425 660 tinllus
445 596 591 670 apparebit
610 598 806 674 homogeneus
828 595 928 658 radius
955 649 964 678 ,
993 601 1042 665 et'si

239 697 409 754 percorpus
429 674 600 749 diaphanum
623 673 1041 744 alioimbutumcoloretram·

239 758 406 820 mittatur.
448 758 555 816 Manet
585 754 678 818 etiam
705 759 736 818 in
765 759 949 832 homogeneo
971 761 1040 824 radio

238 835 421 912 primigenius
442 831 532 908 color,
553 853 764 912 quamcumque
783 833 979 901 reflexionem
1001 861 1061 916 pa„

137 923 145 944 ³
237 919 347 979 tiator.
370 913 487 977 Etenim
509 931 644 989 expertus
667 934 712 978 est
736 928 918 990 Nevvtonus‚
943 927 1042 998 corpu

239 1015 289 1072 ra,
311 1015 383 1072 quae
398 1013 433 1055 ex
454 1008 556 1054 natura
577 1014 628 1055 sua
650 993 755 1056 coloris
776 1011 843 1056 sunt
861 994 938 1073 albi,
963 1000 1044 1061 cine·

239 1076 299 1153 rei,
320 1075 397 1136 rubri
416 1069 474 1136 &a
496 1072 524 1132 in
547 1071 655 1133 lumine
677 1073 761 1136 virirli
783 1079 957 1149 homogeneo
979 1077 1044 1139 col-

240 1153 335 1217 locata
357 1171 496 1228 apparere·
511 1167 679 1214 comtanrer
709 1153 834 1229 viridia,
869 1156 903 1214 in
929 1152 1042 1220 lumine

239 1233 365 1296 caeruleo
383 1230 506 1295 caerulea
521 1228 613 1292 ’ἀοῖ
645 1253 712 1297 cum
744 1253 852 1295 autem·
876 1255 995 1309 corpora
1021 1241 1041 1300 'a

146 1367 148 1372 ,
241 1313 354 1378 reflexo
374 1311 482 1372 lumine
504 1311 648 1386 habeant,
681 1333 714 1377 nt
737 1313 859 1376 visibilia
881 1315 961 1395 sint,
983 1318 1038 1379 evi.

237 1395 307 1458 dens
327 1391 362 1456 lit
383 1396 590 1465 homogeneum
611 1391 683 1456 lucis
715 1393 831 1457 radium·
855 1413 943 1456 suum
968 1397 1039 1473 inge·

239 1475 336 1535 nitum
358 1471 484 1534 colorem
506 1491 640 1548 servare,
664 1486 885 1549 quamcumque
906 1473 1040 1539 reflexio·

239 1573 305 1614 nem
327 1552 444 1614 subeat.

279 1653 364 1706 ¹307·
384 1627 526 1693 scholion:
546 1636 621 1693 Cum
642 1629 823 1711 expluribus
833 1635 1047 1710 experimenti·

227 1711 417 1774 -rueooronus
440 1707 659 1786 deprehenderit
679 1713 783 1776 radios
802 1713 1041 1776 cenrleoscitius

235 1787 365 1875 reflelli,
387 1809 476 1874 quem
485 1788 606 1854 rubros:
629 1793 691 1856 sine
710 1809 810 1858 antem
818 1791 988 1858 sublimem
997 1797 1039 1858 irt-

232 1875 370 1938 ‘ridentir's
392 1873 488 1954 magis
507 1871 711 1956 reprangibiles
731 1875 857 1951 cerulei,
879 1895 971 1956 quam
991 1894 1038 1938 rre-

234 1956 279 2020 brr'
299 1957 340 2032 (n.
353 1953 466 2029 ηος),
487 1950 552 2014 hine
567 1948 605 2030 fit
627 1953 728 2039 radios
750 1958 844 2037 magis
867 1951 1038 2036 refrangib't'o

237 2037 281 2102 les
302 2053 367 2096 esse
387 2036 478 2096 etiam
497 2037 591 2112 magis
614 2031 795 2113 reflexibiles
812 2032 853 2105 lyr
873 2037 1010 2097 vicissim
1029 2055 1043 2114 ς,

235 2112 362 2198 prodeo
377 2115 413 2174 im
424 2113 495 2174 aliis
514 2113 846 2195 refrangibilitaeiscum
865 2112 1037 2200 reflexibil'e

233 2211 297 2260 rate
316 2193 469 2269 proportio
490 2192 631 2255 similiter
652 2211 811 2271 appareat.

229 2349 472 2420 PROPOSlTlo
491 2356 546 2418 lll‘.
567 2357 620 2417 Er
637 2353 764 2416 omnium
785 2348 941 2414 radiorum
960 2353 1043 2416 lucil·

268 2431 465 2495 coloratorum
484 2437 674 2509 permixtione
691 2429 902 2495 oriturolbedo.
923 2436 1041 2497 Exoaa

268 2514 316 2574 ria
335 2511 501 2592 aliquorum
511 2515 703 2589 permixtione
712 2529 852 2592 exurgunt
866 2511 1037 2576 secundarii

267 2590 399 2656 colores:
420 2609 493 2654 nune
514 2609 629 2672 reptem
649 2594 805 2670 primariis
825 2592 1035 2658 similestnurrt

225 2702 231 2718 ·
269 2670 307 2736 ab
327 2674 368 2734 lr's
386 2669 516 2734 diverso.

271 2838 356 2904 1308.
375 2828 652 2909 Probaturltpars.
673 2833 705 2896 Si
724 2853 778 2911 ope
801 2831 883 2896 lentis
892 2833 1039 2908 utrinque

225 2929 367 2974 convexae
395 2913 579 2988 excipiantur
606 2911 677 2976 radii
708 2915 766 2991 jam
787 2937 802 2978 a
826 2914 966 2990 prismate
989 2933 1034 2976 sea

225 2991 333 3066 parari:
358 3009 421 3054 tum
441 2999 542 3058 charta
564 2992 628 3057 alba
649 2991 959 3070 collocetorparallela
969 2991 1035 3055 len·

226 3072 269 3150 ri,
291 3070 342 3134 vel
358 3071 459 3150 ultra,
483 3075 535 3138 vel·
550 3075 625 3136 citre
646 3075 777 3150 ejusdem
800 3075 889 3136 lentis
911 3069 1032 3154 focum,

223 3155 321 3215 charta
345 3153 550 3216 versicoloram
571 3154 735 3230 apparebit:
758 3172 807 3234 at,
829 3157 851 3216 si
861 3155 961 3216 charta
974 3152 1033 3215 len-

224 3232 249 3294 ti
271 3235 513 3310 approximetur,
538 3233 691 3300 dilutiores
714 3231 785 3296 fient
810 3233 923 3296 colores
946 3283 956 3308 ,
985 3233 1032 3310 qui

226 3311 344 3373 eandem
369 3311 460 3374 albam
482 3313 549 3387 solis
569 3313 724 3390 imaginem
746 3313 943 3389 exhibebunt,
965 3333 1037 3376 cunr.

224 3393 332 3454 ullor-ta
347 3387 446 3468 fuerit
459 3393 494 3454 inv
510 3394 571 3469 ipso
594 3392 681 3456 lentis
703 3389 789 3473 foco,
819 3415 878 3470 quo
896 3392 971 3455 raclii
1000 3415 1030 3455 o·

226 3489 315 3532 mnes·
331 3469 813 3555 collelliinricempermiscentut3
835 3475 858 3539 ei
880 3492 983 3614 tamen
1003 3493 1039 3535 aa·

916 3573 999 3630 murs
