2174 4084
169 180 191 222 κ
315 211 318 218 ,

88 241 92 246 ·
272 225 406 306 Physica
425 229 636 314 Particularis.
761 255 817 307 215

8 364 15 408 Ι
46 307 98 370 Ci.
119 307 195 374 Viris
215 309 438 390 spediantibus,
461 313 642 387 mariumque
663 307 791 376 adbibita
810 311 856 376 di·
922 340 924 346 ¹

8 444 14 488 t
49 387 170 464 lieentia
191 389 220 450 in
243 391 450 468 caminensi,
477 415 511 456 ac
544 392 697 460 Parisr'ensi
719 393 854 458 sitentia·

47 489 112 532 rutn
134 468 312 546 Academia,
333 486 398 538 turn
419 473 449 534 in
470 471 639 551 Hollaodia,
662 471 757 550 ltalia,
778 477 854 537 Ger·

8 551 10 646 i
45 551 144 616 urania
164 551 324 626 instituta,
345 571 379 614 ac
399 554 523 626 repetita
544 549 678 630 fuerunt,
699 573 854 631 acsempet

43 649 115 694 eum
138 630 244 694 sortito
264 647 336 692 suot
358 627 491 698 effedium
513 679 522 708 ,
543 632 698 708 quemCl.
719 637 854 698 Nervto-

45 708 291 784 nusdescribit,
321 729 356 775 ac
388 709 508 784 proinde
538 713 684 776 immerito
703 731 854 790 tamquam

43 784 120 864 falsa
142 787 244 854 eadem
267 790 443 867 rejiciuntur
459 807 480 853 a
500 791 615 867 privato
632 791 784 868 quodam,
800 796 851 870 qui

45 863 137 932 ‘facile
167 868 195 930 in
228 868 288 932 suis
333 867 464 947 parandis
492 872 697 948 experimentis
725 873 855 938 aberrare

44 949 146 1026 potuit
156 990 166 1008 ,‚
197 952 250 1010 Pro
270 940 352 1014 felici
373 971 445 1016 vero
474 953 750 1014 Nervtoniono'rum
770 971 872 1028 expe,

43 1028 241 1092 rirneotorum
270 1050 406 1096 successu
430 1034 585 1112 ,effluentia
609 1032 695 1108 probe
714 1048 784 1094 sunt
805 1031 854 1094 ob·

40 1105 201 1184 servanda,
222 1129 290 1184 quar
311 1105 437 1176 fortasse
455 1111 854 1189 contemptaMarioctum,

39 1185 77 1250 dt
100 1188 263 1252 Rizzetum
284 1190 313 1252 in
336 1195 397 1254 suis
416 1189 629 1267 experimentis
642 1188 854 1266 deceperunt.

8 1325 9 1330 ,
43 1271 79 1344 Ι,
101 1267 241 1334 Prirrnata
261 1288 331 1334 sunt
351 1269 508 1336 adhibenda
529 1292 566 1334 ex
589 1271 667 1334 vitro
688 1269 852 1348 purissimo,

43 1345 158 1412 venulis
190 1349 343 1428 immuni,·
386 1351 472 1414 aliter
504 1349 679 1416 reflexiones
708 1348 855 1412 radiorum

41 1426 151 1490 dantur
172 1429 200 1490 iu
223 1429 284 1506 ipso
304 1428 516 1508 misnam&
537 1433 566 1494 in
587 1432 669 1494 exitu
681 1429 780 1492 lumen
802 1433 855 1492 be·

44 1526 234 1584 terogeneum
254 1530 322 1574 curn
344 1515 523 1588 hornogeneo
544 1513 753 1589 permiscetur,
775 1506 851 1585 quod
914 1591 915 1594 Ἴ

40 1589 169 1653 maxime
188 1591 419 1666 experimentum
441 1593 564 1658 turbat.
587 1596 640 1670 H,
663 1589 848 1667 Cavendum,

44 1689 83 1730 ne
102 1663 192 1730 ullum
214 1668 309 1734 lumen
333 1693 440 1748 praeter
467 1673 628 1750 simplicem
656 1671 772 1736 radium
802 1690 852 1748 per

42 1746 155 1817 subtile
170 1745 313 1814 *seoesrrae
327 1749 656 1816 toramen-cubiculum
677 1753 768 1815 intret
788 1772 794 1810 :
829 1751 853 1812 si

41 1831 123 1891 enim
144 1825 192 1890 aiii
214 1827 307 1903 plures
328 1828 544 1906 ingrediantur,
568 1831 644 1905 iique
664 1831 854 1896 curniismi·

41 1924 210 1982 secantur,
241 1908 290 1982 qui
312 1907 466 1984 imaginem
486 1905 646 1985 officiunt,
677 1909 858 1984 experimen·

45 2004 112 2050 tum
135 1987 210 2048 haud
232 1986 305 2052 bene
327 1987 479 2064 procedere
501 1989 625 2064 poterit.
646 1991 717 2064 HI,
737 1991 854 2052 Canen·

43 2065 137 2143 dum,
158 2087 194 2128 ne
215 2067 444 2142 experimentum
465 2066 853 2144 instituatunquendorcoe·

44 2145 110 2208 lum
133 2166 190 2208 non
211 2149 282 2210 satis
301 2163 350 2210 est
372 2168 506 2212 serenum
525 2166 538 2227 ς
565 2164 637 2210 tuuc
667 2149 855 2230 comprimet

44 2227 126 2304 ipsos
157 2225 251 2289 radios
279 2225 385 2290 dirodie
408 2238 435 2294 'tt
457 2227 526 2292 sole
553 2223 753 2303 procedentes
761 2226 874 2307 plures·

40 2322 114 2371 sunt
136 2349 146 2380 ,
180 2307 230 2382 qui
250 2304 377 2370 diversas
397 2307 507 2375 habent
528 2304 714 2372 resradiones
727 2359 746 2387 .,
775 2306 852 2384 quod

39 2385 188 2464 precipue
209 2387 373 2466 contingit,
395 2387 511 2464 quando
529 2387 623 2460 nubes·
639 2387 765 2468 dantur,
786 2407 854 2464 quae

40 2467 143 2530 lumen
163 2468 235 2532 saris
257 2467 357 2532 vivide
375 2461 560 2534 nodedum„
573 2499 599 2516 ι·
642 2477 645 2482 “
674 2521 685 2530 .

88 2563 173 2623 1313.
195 2552 269 2623 Opp.
291 2573 318 2612 2.
340 2565 441 2614 contra
466 2547 855 2636 npropesitionemerRiz-

39 2643 126 2690 zeto.
148 2629 182 2704 1,
205 2629 304 2693 Posito
325 2629 355 2692 in
375 2627 464 2693 radiis
485 2629 557 2694 lucis
575 2628 855 2703 diuersa-reirangi-

39 2707 183 2782 bilitate,
200 2729 267 2772 cum
288 2708 366 2774 oculi
388 2712 523 2776 humores
540 2717 702 2780 metunt
716 2707 779 2791 ,ed
802 2729 855 2774 rn-
936 2733 941 2742 ’

37 2789 116 2852 riam
137 2787 309 2852 distantiam
333 2791 361 2852 in
383 2791 477 2854 retina
500 2794 685 2868 unirentur,
713 2792 781 2868 quio
812 2787 857 2852 di-

38 2889 129 2932 verso
158 2868 247 2930 modo
273 2865 418 2949 refratii,
449 2871 520 2937 hine
544 2867 666 2936 confusa
688 2871 855 2948 pingeretur

38 2951 158 3027 imago,
178 2947 308 3026 adeoque
329 2947 451 3014 confusa
474 2949 549 3016 soret
572 2952 664 3016 visio.
693 2955 741 3030 11¹,
764 2951 877 3022 Redii-
904 2965 906 2974 ’

38 3050 96 3109 per
117 3025 310 3092 fenestrarum
333 3031 407 3094 vitra
428 3027 543 3096 refradii
571 3031 602 3092 in
634 3029 854 3094 colornt0s2tn-

40 3106 140 3172 diolos
161 3126 382 3185 separarentur,
404 3109 482 3183 quod
502 3125 651 3184 nunquam
673 3108 856 3173 observatur.
890 3147 893 3151 .

42 3189 119 3262 111,
151 3183 229 3248 Idem
248 3189 381 3250 eveniret
404 3237 413 3266 ,
437 3187 505 3250 dum
527 3187 668 3264 radiixper
689 3209 803 3264 aerem,
825 3211 856 3250 a·

44 3269 144 3344 linque
165 3257 368 3342 refrigerantia
397 3265 491 3330 media
523 3269 749 3346 trajicerentur,
778 3267 855 3336 unde

39 3347 120 3414 lucis
141 3344 235 3408 radios
256 3367 368 3420 semper
389 3345 536 3416 coloratos
557 3347 793 3414 observaremus.

90 3447 179 3505 ¹3¹4·
213 3429 253 3490 R.
283 3426 330 3490 Ad
354 3453 379 3491 r.
402 3429 491 3492 Licet
512 3429 582 3492 rudii
616 3427 688 3490 lucis
708 3447 757 3505 per
779 3425 858 3491 oculi

37 3513 182 3574 humores
203 3504 314 3588 trajecti
336 3503 562 3590 refringantur,
594 3526 640 3576 est
664 3528 766 3603 tamen
783 3508 856 3604 adeo

730 3613 812 3653 nuut-
