2174 4084
256 260 313 326 ren
507 261 512 272 “
546 242 699 310 Elementa
782 267 790 276 “

216 325 295 397 dosis
322 323 410 392 inniti
435 327 719 403 supputationibus,
755 320 803 386 uti
831 339 955 392 constat
994 344 1049 397 en·

220 409 348 475 Mairani
367 405 500 484 epistolis
521 405 557 470 ad
578 403 795 476 Horreboriom
817 402 912 470 datis.

241 509 251 526 κ·
263 511 349 564 ¹254·
371 486 496 550 instabis
511 489 568 564 .1,
590 489 668 548 Haec
687 486 780 564 major
796 487 971 552 emersionis
986 507 1037 552 re-

220 565 351 633 tardatio
371 570 400 630 in
420 567 526 630 intimo
545 564 673 628 satellite
694 564 854 628 ab'umbra
867 567 961 647 jovis,
987 589 1037 633 es-

219 669 253 714 se
274 663 371 726 potest
400 644 516 711 effedlus
537 643 678 710 debilioris
699 643 818 710 luminis
849 647 879 709 iu
901 650 1032 712 maxima

220 750 237 794 a
259 727 320 792 sole
339 725 497 790 distantia.
518 729 567 802 ll,
585 727 664 788 oriri
684 727 775 789 etiam
800 741 900 803 potest
914 745 958 790 ex
972 745 1031 807 eo,

221 792 296 884 quod
326 806 393 868 solis
427 805 524 868 lumen
546 806 575 868 in
597 804 758 869 satellitem
791 807 952 884 impingens
976 806 1032 872 ali·

222 906 310 967 quam
324 887 360 948 in
381 885 540 952 reflexione
561 885 662 948 subeat
683 883 927 950 retardationem.

266 989 352 1041 1255.
375 970 414 1030 R.
437 963 484 1028 Ad
510 969 540 1043 l,
563 964 758 1030 Minoriucis
780 966 933 1028 itltettst'tas
959 961 1031 1030 effi·

221 1068 288 1112 tere
310 1047 410 1122 nequit
431 1047 461 1108 in
470 1043 589 1122 appulsu
610 1043 729 1109 luminis
741 1044 974 1111 retardationem
987 1069 1031 1118 ¹4

222 1129 417 1190 minuetum.
448 1129 525 1190 Cum
550 1125 630 1189 enim
661 1126 783 1190 intimus
802 1123 919 1190 satelles
943 1145 1034 1189 suam

174 1269 179 1289 ,
223 1205 435 1272 revolutionem
456 1203 586 1270 absolvat
608 1206 685 1269 horis
704 1207 824 1270 circiter·
844 1229 881 1278 42
902 1222 973 1269 tum
987 1205 1030 1269 di·

224 1285 340 1362 midio‚
364 1283 428 1366 jam
441 1289 503 1364 ejus
514 1286 688 1364 immersio,
709 1284 743 1350 dt
764 1288 887 1351 emersio
908 1285 945 1348 ab
966 1305 1030 1349 urn-

222 1369 275 1433 bra
303 1366 377 1445 jovis
406 1383 452 1430 est
481 1363 681 1430 velocissima:
711 1384 758 1430 est
777 1367 857 1430 enim
885 1365 1032 1432 diameter

226 1447 334 1510 umbrae
355 1444 484 1523 resperiu
505 1443 577 1508 adeo
597 1445 699 1509 celeris
726 1445 917 1511 revolutionis
941 1467 1030 1522 appa·

223 1539 323 1594 tenter
344 1526 466 1604 exigua,
487 1523 565 1588 unde
587 1543 671 1590 tanta
691 1528 870 1603 apparenriae
900 1526 1029 1590 retarda-

226 1609 270 1670 tio
289 1603 326 1668 ad
346 1603 437 1668 solam
455 1605 1029 1684 successivam‘luminispropagationem

225 1702 324 1764 potest
344 1681 465 1748 referri.
1040 1703 1045 1710 ’

179 1833 183 1838 ,
267 1777 355 1841 r256.
376 1763 422 1830 ad
445 1770 482 1828 ΙΙ.
502 1765 529 1832 si
551 1765 597 1830 lux
620 1769 653 1832 in
669 1765 830 1834 reflexione
856 1765 1034 1831 retardatio·

226 1867 293 1911 nem
315 1859 483 1924 pateretur,
503 1869 682 1925 cmsequtns
702 1848 770 1914 inde
790 1847 870 1912 lieret
890 1869 1030 1924 eampro·

225 1927 513 2005 periermeniis,
534 1929 577 1990 uti
601 1949 653 1994 nos
668 1930 837 1992 asserimus.
858 1927 1029 1993 Videbimus

224 2025 326 2071 tamen
347 2003 420 2070 infra
442 2007 513 2073 lucis
534 2007 763 2089 incitemin&
784 2006 957 2077 ttfledlentis
978 2028 1030 2086 pa·

226 2107 287 2152 run
306 2107 370 2151 esse
386 2085 596 2153 velocitatem.
842 2099 848 2112 '
898 2101 902 2106 ’

242 2211 245 2216 -
267 2191 355 2244 ¹257·
375 2172 449 2245 opp.
471 2193 498 2232 2.
528 2172 560 2246 1,
582 2169 610 2232 si
631 2165 680 2232 lun
702 2170 866 2234 successive
892 2179 1029 2249 'propaga-

226 2265 326 2323 retur,
348 2244 507 2311 videremus
521 2247 670 2312 luminosa
691 2251 720 2312 in
748 2250 838 2326 lotis,
866 2250 895 2312 in
923 2251 1029 2328 quibus

227 2347 283 2394 non
311 2327 458 2389 existunt:
486 2329 632 2406 praeciptre
658 2327 775 2406 stellas,
805 2349 889 2406 quar,
922 2337 1029 2406 utpote

153 2444 159 2451 ·
227 2405 336 2470 enormi
355 2404 465 2480 delatae
486 2407 662 2488 velocitate,
682 2427 738 2490 quo
758 2423 888 2485 tempore
909 2408 961 2471 lux
991 2410 1029 2472 ab

226 2486 293 2564 ipsis
316 2490 420 2550 emissa
443 2487 479 2550 ad
500 2511 552 2554 nos
573 2490 724 2568 pervenit,
746 2487 840 2552 multo
859 2491 954 2568 spatio
964 2510 1029 2567 pro·

226 2563 413 2644 gredientem
441 2569 507 2634 lninc
525 2589 618 2648 ,porro
647 2589 777 2634 erroneae
800 2566 1028 2634 lotentllsrro·

228 2650 350 2710 nomicae
378 2647 619 2729 observationes,
650 2669 704 2713 nec
733 2651 836 2714 modus
852 2665 1027 2727 isupetesset

138 2786 141 2789 ,
227 2727 321 2792 media
340 2725 478 2798 ¹patellarii
498 2729 692 2808 distinguendi
713 2729 775 2800 loca
806 2729 927 2794 siderum
957 2748 1025 2794 vera

227 2807 263 2869 ab
279 2807 498 2883 apparentibus.
520 2815 568 2890 ll,
589 2811 740 2876 Statimac
762 2809 1026 2888 oculosnpeninus,

227 2885 298 2953 fixas
316 2883 466 2950 uidemus:
491 2891 562 2954 item
589 2890 680 2955 solem
697 2893 851 2970 aspicimus
871 2891 920 2952 vix
934 2889 1028 2953 orien-

228 2984 306 3030 tem.
329 2967 391 3047 lll,
414 2966 574 3034 Florentini
596 2971 764 3036 Academici
775 2970 884 3034 nullam
903 2989 1028 3047 uuquam

167 3123 171 3132 .
225 3063 368 3112 notarunt
388 3047 582 3114 differentiam
606 3053 682 3115 inter
700 3053 900 3116 accensionem
932 3049 1028 3129 pulve-

131 3133 134 3136 '
157 3176 158 3180 ,
226 3125 320 3194 ris&
341 3127 470 3194 flammae
493 3131 652 3211 visionem,
683 3131 752 3198 licet
772 3131 1029 3196 dinanrinsesurn-

226 3209 336 3286 pserint
355 3208 553 3287 longissimas:
573 3233 641 3290 ergo
661 3209 721 3276 dte.
1043 3238 1051 3243 ·

270 3297 360 3364 1258.
379 3293 419 3354 R.
441 3289 488 3352 Ad
514 3315 537 3354 r.
558 3290 749 3370 Concedoin
759 3290 940 3358 aestimandis
959 3289 1026 3356 side·

225 3389 291 3434 rum
312 3369 383 3434 locis
402 3369 507 3446 duplici
530 3393 582 3434 nos
603 3393 700 3438 etroee
720 3393 858 3452 peccare,
893 3390 953 3435 uno
969 3373 1028 3449 qui-

226 3449 294 3514 dem
315 3468 351 3512 ex
370 3468 454 3512 motu
492 3449 611 3536 sideris,
639 3475 700 3530 quo
720 3469 852 3530 tempore
879 3452 974 3516 lumen
993 3450 1029 3516 ad

228 3549 280 3594 nos
295 3527 438 3610 devenit3
458 3527 553 3596 altero
575 3553 613 3598 eu
633 3533 819 3602 aberratione
840 3531 975 3610 luminis,
988 3573 992 3579 ·
1004 3532 1028 3596 si

940 3610 993 3678 tel·
