2152 4078
254 207 293 272 to
549 183 705 254 Elementa

214 299 236 344 a
257 270 563 340 Mussclrembroelrio:
585 286 735 348 magnetes
757 289 788 334 se
808 272 962 355 attrahere
982 273 1034 350 vi,

218 375 286 436 qnae
305 355 397 416 minor
425 369 498 434 est,
527 352 684 431 quamsit
713 353 791 416 ratio
817 347 1036 418 ‘distantiarum

219 437 349 504 inversa.
1017 463 1023 474 ·

217 526 224 560 ’·
259 525 329 588 ιιι.
349 519 477 592 Magnes
504 510 635 591 ferrum,
653 509 738 590 'quod
758 511 953 588 magneticam
976 514 1057 578 vir·-

216 612 316 662 tutem
338 617 396 660 non
418 597 540 674 lrabeat,
567 593 604 660 bt
630 592 766 672 quidquid
786 591 866 662 flerri
898 597 1037 660 continet

218 678 372 756 principia,
395 674 503 740 fortius
522 677 633 753 trahit,
660 697 747 754 quam
770 673 895 738 alterum
916 693 1035 754 mag-ne·

214 777 300 838 tem,
322 755 355 822 ἀ
377 755 492 833 quidem
512 777 549 822 ex
569 755 648 820 otoni
668 773 770 834 parte,
799 769 893 832 atquc
910 769 1038 834 ntroqne

217 838 303 917 polo,
325 841 355 902 in
376 857 437 915 quo
456 839 499 901 vis
520 841 670 902 attrahens
690 855 736 901 est
745 835 890 902 maxima.
913 837 1053 900 Ferrum

217 917 370 998 calidum,
400 935 454 984 aut
474 917 601 983 candens
622 920 719 981 minus
738 919 918 993 attrahitur,
947 933 1035 994 qnam

220 998 374 1078 frigidum.
396 1005 555 1076 Magnetes
574 1018 690 1075 quoque
708 995 870 1062 candelam
887 998 984 1062 minus
1007 1017 1039 1060 se

216 1085 390 1146 attrahunt.
427 1084 471 1145 Ex
498 1079 636 1155 aliquibus
659 1079 940 1144 Musoch'embroekii
971 1093 1037 1142 ten·

219 1161 379 1226 terminibus
399 1176 502 1240 patet,
531 1162 610 1240 rim,
642 1181 700 1238 qua
716 1179 839 1238 magnes
859 1155 971 1223 ferrum
992 1173 1037 1222 at·

218 1245 329 1320 trahit,
359 1241 603 1318 requietionem
623 1239 766 1306 inversam
787 1237 1039 1318 quadruplicatam

216 1319 442 1400 distantiarum,
464 1320 512 1384 ubi
521 1341 654 1402 magnes,
677 1319 712 1385 tlt
733 1320 842 1388 lentum
864 1321 1038 1399 sphaericam

217 1397 338 1478 figuram
358 1399 497 1465 habeant.

263 1491 330 1556 tta.
351 1482 404 1545 vis
424 1483 576 1546 attrahens
604 1477 715 1547 ferrum
744 1480 840 1547 molto
864 1477 1036 1545 validiorem

218 1577 250 1624 se
270 1558 364 1639 prodit
388 1561 416 1622 in
438 1579 573 1640 magnete
592 1581 728 1642 armato,
756 1565 839 1643 cnjus
860 1579 966 1638 nempe
988 1581 1040 1638 pe·

219 1641 254 1702 lis
275 1640 487 1707 diametraliter
508 1645 663 1723 oppositis,
692 1664 727 1708 ac
748 1643 822 1709 bene
843 1639 1036 1717 complanatis

218 1717 399 1797 applicentur
419 1721 496 1788 binae
520 1721 635 1790 lamina
656 1721 760 1790 letreae
810 1722 855 1788 vel
876 1719 1036 1800 chalibeae,

217 1813 285 1876 qoae
313 1799 402 1866 firmis
433 1801 548 1879 lingulis
574 1805 702 1884 magneti
734 1773 888 1869 arliissime
915 1799 1037 1880 alligen·

219 1895 294 1958 tur,
322 1879 436 1944 etenim
455 1899 592 1960 magnes,
622 1885 672 1959 qui
693 1882 786 1946 notos
818 1879 887 1944 serni
908 1883 1037 1943 semiun-

217 1957 293 2022 eiam
313 1959 466 2040 elevabat,
485 1980 614 2027 armatus
636 1979 695 2028 tnes
716 1960 786 2028 ferri
804 1959 890 2027 libras
908 1961 1037 2025 sustine·

218 2039 269 2104 bat
288 2055 368 2106 teste
388 2046 566 2110 Mersenno.
628 2077 632 2082 ·

224 2145 231 2156 ¹
261 2129 329 2198 833.
348 2126 409 2187 Hae
432 2125 507 2188 vires
528 2125 668 2203 magnetis
689 2125 901 2201 attrahentes,
929 2121 965 2188 ἀ
993 2143 1037 2188 re-

218 2199 361 2278 pellentes
381 2204 499 2279 perintie
528 2228 560 2271 se
578 2201 771 2287 manifestant
799 2207 829 2269 in
859 2218 970 2281 vacuo,
1003 2223 1038 2268 ac

220 2282 250 2343 in
272 2279 375 2358 pleno,
396 2303 558 2351 exeruntur
577 2287 668 2350 etiam
689 2307 740 2363 per
760 2303 954 2362 quaecumque
974 2305 1038 2346 cet*

217 2381 287 2439 pora
309 2361 421 2443 media,
441 2385 566 2444 excepto
586 2362 681 2442 ferro,
710 2363 786 2440 qood
808 2367 937 2438 positum
959 2365 1039 2428 inter

125 2507 127 2511 .
217 2437 292 2505 duos
311 2461 478 2526 magnetes,
500 2449 547 2511 rel
568 2447 836 2518 intermagnetem,
857 2440 892 2505 ἀ
913 2441 1040 2524 seman,

218 2520 340 2600 impedit
372 2529 516 2605 magnetis
544 2526 655 2602 vires,
686 2523 773 2587 sicuti
807 2539 948 2602 expertus
977 2521 1037 2591 luit

223 2601 360 2670 laudatus
381 2605 704 2672 Musschembrnerius.

260 2693 328 2760 834.
359 2685 418 2750 Vix
447 2684 574 2750 diretrisr
602 2699 649 2748 est
669 2705 734 2762 ea,
761 2703 819 2762 qna
839 2703 958 2761 magnes
981 2683 1037 2750 sibi

218 2765 390 2828 &ommissus
415 2786 474 2826 uno
501 2765 546 2828 sui
566 2763 632 2842 polo
663 2765 774 2845 plagam
795 2764 967 2847 borealem,
996 2765 1037 2828 al·

216 2857 283 2907 tero
303 2842 462 2908 australem
488 2845 635 2926 respicit,
665 2845 773 2912 adeona
802 2867 922 2924 magnes
953 2846 1037 2924 polos

212 2942 284 3065 tsnos
315 2920 352 2986 ad
380 2923 480 2990 mundi
508 2924 590 3003 polos
623 2941 730 3006 praeter
765 2944 881 3006 propter
909 2947 1037 2994 conter-

228 3015 279 3065 at·
965 3047 990 3064 ,ι

259 3091 326 3161 835.
346 3083 402 3152 'Vis
422 3087 667 3155 commemoratrix.
684 3105 731 3155 est
751 3097 809 3169 ea,
837 3109 893 3164 qua
915 3085 969 3166 fit,
998 3103 1033 3153 ut

135 3168 147 3184 ⁶
216 3179 336 3242 magnes
364 3161 466 3250 ferro,
499 3168 545 3236 vel
572 3170 697 3249 chalibi,
729 3171 777 3234 cui
806 3169 868 3246 ipse
887 3167 1035 3248 adhaesit,

218 3263 301 3309 suam
314 3250 465 3315 ⁴virtutem
474 3253 694 3330 attrahentem,
715 3248 748 3316 ἃ
764 3247 941 3314 direliricem
955 3269 1034 3314 conn-

216 3327 368 3411 muniret,
387 3333 460 3408 quin
480 3353 596 3410 magnes
616 3333 654 3396 de
674 3354 725 3395 sua
748 3332 862 3394 virtute
883 3329 928 3394 vel
949 3331 1035 3394 mini·

216 3413 462 3508 mumamittat,
493 3431 528 3482 ut
558 3411 618 3484 fert
644 3413 825 3482 communior
846 3411 1035 3487 Physicorutn

215 3507 416 3566 experrentra.
516 3513 519 3522 ’

869 3559 874 3565 “
929 3579 998 3652 tan
