2152 4078
277 206 316 272 qa
569 191 722 260 Elementa

238 272 426 350 microstopIn
446 273 595 338 observata
617 275 769 352 particulas
802 275 922 342 exlsilsat
943 274 1054 349 ¹‹litier-

238 369 304 429 sas,
342 374 376 416 aa:
403 351 576 423 admirande
604 377 719 431 prorsus
756 353 931 422 sttullurae.
967 361 1052 422 Tan·

222 431 303 496 'dent
324 432 424 510 stylus
444 451 490 500 est
512 431 629 500 tubulus
649 432 802 516 quiddam,
824 437 873 514 qui
895 437 924 500 in
945 437 1050 502 toedio

138 528 141 532 ·
200 551 206 561 ·
238 513 396 578 staminum
415 517 551 593 erigitur:
579 516 659 580 intra
680 514 789 593 stylum
807 517 1052 602 jacetqermfn,

238 615 289 660 seu
311 615 374 670 pars
397 597 553 661 eontioeos
580 597 750 673 embryones
778 595 960 676 seminales,
990 601 1053 663 sive

237 673 397 743 rudimenta
419 678 579 748 seminum,
601 696 635 738 ac
655 677 682 738 in
704 673 813 739 fruuus
824 693 1042 742 maturescens:

223 757 388 818 summitas
408 755 507 826 pistilli
527 755 770 837 stigmadicitur:
795 777 858 836 pars
877 775 979 822 autem
994 757 1053 822 ele-

221 856 308 908 ¹nams
329 834 427 912 pistilli
439 837 544 916 stigma
566 841 594 900 io
608 837 754 916 germine,
773 835 862 918 tuba,
886 837 1049 922 velvagina

236 931 433 994 nuncupatur.
559 989 561 995 ¹

276 1021 345 1070 941·
367 1046 389 1076 „
409 996 556 1062 Scholion.
586 1002 663 1062 Cum
688 1019 724 1064 ex
746 996 865 1064 floribus
884 997 973 1076 aliqui
997 1003 1049 1062 ha·

231 1073 357 1142 beantur
376 1081 505 1142 omiseris
534 1077 689 1157 instrulli,
718 1079 805 1156 aliqui
837 1077 930 1142 solum
952 1077 1047 1156 pistil-

235 1155 313 1236 lum,
342 1178 395 1222 seu
418 1157 553 1238 ger'men,
584 1157 673 1236 aliqui
695 1178 851 1238 utrumque
871 1159 1043 1237 obtineant,
1064 1196 1068 1206 ν

227 1239 302 1302 'hinc
323 1237 468 1304 distinllio
490 1261 574 1308 sexus
597 1239 627 1320 in
648 1239 782 1320 plantis,
813 1238 932 1316 perinde
952 1260 987 1304 ac
1007 1239 1037 1301 in

233 1317 428 1396 animalibus,
455 1317 633 1396 agnoscenda
654 1335 699 1382 est
722 1341 756 1384 ex
785 1314 893 1396 {lutum
916 1322 1042 1384 varieta-

212 1434 213 1439 κ
234 1415 283 1477 te,
307 1402 368 1462 siue
389 1417 425 1462 eu
448 1400 599 1478 partibus,
627 1401 730 1476 quibus
751 1400 779 1462 hi
799 1399 963 1464 donantur:
992 1397 1040 1462 ad·

232 1495 303 1542 eout
330 1479 368 1542 sit
389 1476 487 1556 planta
509 1499 575 1544 mas
593 1528 615 1558 ,¹
629 1483 714 1558 cujus
735 1477 822 1543 flores
843 1484 972 1567 stamina
993 1483 1040 1543 ha-

229 1557 321 1640 beot,
341 1563 495 1637 antheras,
516 1557 549 1624 ἀ
570 1557 719 1636 polliotm:
741 1561 800 1624 sint
820 1561 928 1638 olaotae
943 1561 1043 1642 funti-

230 1643 292 1715 ltae,
314 1659 436 1716 quorum
458 1637 582 1702 floribus
604 1640 681 1704 inest
706 1639 800 1704 solum
813 1661 950 1722 germen,
975 1641 1044 1718 stip

215 1735 306 1808 tnta,
336 1715 370 1783 ὅ(
392 1721 492 1798 vagina
503 1740 514 1798 ,·
540 1721 600 1784 siut
621 1721 827 1805 androgyno,
856 1741 923 1798 quae
952 1717 1045 1783 flores

231 1799 382 1877 utriusque
402 1803 521 1878 generis
534 1801 695 1866 emittunt:
725 1804 784 1866 sint
807 1819 905 1864 tameo
927 1797 1045 1866 herma·

224 1875 392 1964 phroditae,
414 1903 480 1959 quat
500 1883 530 1944 in
552 1881 610 1950 uno
631 1882 791 1960 eodemque
812 1877 906 1960 llore,
928 1877 961 1944 &
982 1879 1041 1958 pol-

228 1963 316 2026 linem
338 1962 463 2040 habtot,
494 1959 680 2040 &gennem
711 1966 791 2026 Hinc
811 1983 897 2026 sexus
918 1959 1039 2024 diversi-

229 2060 321 2107 tatem
342 2045 371 2106 io
392 2043 497 2130 plantis
519 2043 736 2114 observationes
756 2043 831 2108 circa
854 2062 954 2106 earum
978 2037 1040 2104 foe·

227 2121 432 2190 enudationem
455 2123 575 2202 peratiae
597 2123 717 2190 mirifice
737 2123 929 2202 coullrmaot3
950 2122 1039 2185 sicuti

225 2205 304 2266 enlm
324 2205 430 2268 animal
451 2226 597 2284 nunquam
624 2222 804 2284 generatur,
835 2205 904 2282 quin
934 2203 1040 2265 habea-

226 2301 275 2346 tua
295 2279 417 2348 foemioa
439 2285 568 2362 peaebeos
588 2307 643 2348 ova
654 2332 663 2362 ,
683 2283 718 2350 ὃς
737 2285 881 2348 masculus·
901 2284 1035 2362 genitura

224 2383 278 2428 sua
296 2362 396 2429 eadem
417 2359 608 2446 foecundam,
628 2367 827 2442 itanunquam
848 2363 956 2442 plantae
975 2360 1036 2427 fru-

69 2425 75 2434 ⁴
153 2454 156 2458 ’
223 2441 552 2524 llumqenetaot,.vel
574 2467 672 2510 semen
704 2441 815 2510 futurae
837 2445 965 2523 plantat,
990 2444 1036 2506 ubi

135 2554 137 2559 ·
211 2519 312 2602 ,liores
332 2525 455 2590 habeant
476 2527 584 2603 pistillo
599 2526 773 2590 destitutos:
795 2523 839 2589 vel
863 2521 951 2588 flores
972 2525 1036 2603 qui·

211 2605 291 2671 'alem
310 2605 596 2682 obtineantpiatlllo'
618 2605 791 2684 instrullos,
822 2605 960 2670 deficiant
990 2623 1036 2668 ta-

225 2707 290 2748 men
318 2683 407 2752 flores
428 2688 583 2761 anthttis,
610 2705 644 2748 ac
673 2685 778 2762 polline
807 2686 925 2752 donati.
957 2690 1035 2750 ltem

208 2787 380 2850 ¹nutuquam
408 2768 580 2830 maturescit
608 2762 717 2828 lrullus
747 2767 774 2830 in
804 2765 901 2844 planto
923 2769 1037 2830 herma·

222 2847 372 2926 phtodita,
395 2847 443 2910 ubi
463 2844 673 2922 pistillum'vel
693 2865 728 2910 ex
743 2847 832 2911 nimio
852 2845 956 2926 frigore
965 2867 1036 2910 coo·

220 2930 397 3004 stringatur,
426 2925 471 2990 vel
492 2945 528 2988 ex
548 2927 637 2989 nimio
657 2925 752 2991 calore
773 2931 953 3006 exsiccetur,
984 2925 1035 2994 ad*

219 3025 289 3072 eout
321 3012 450 3080 ineptum
487 3003 539 3067 liat
568 3006 604 3069 ad
645 3007 780 3086 pollinem
812 3008 1037 3088 recipiendum„

219 3104 314 3154 cessat
336 3089 426 3158 etiam
448 3079 575 3166 fruetus,
605 3087 653 3150 ubi
674 3092 797 3156 stamina
825 3089 1034 3165 succidantur;

219 3167 264 3230 vel
287 3165 381 3244 pollen
403 3187 439 3242 ex
458 3169 587 3231 antherio
606 3165 773 3248 auferatur,
794 3188 845 3234 aut
862 3172 949 3235 nimia
967 3169 1031 3246 plu·

193 3249 262 3311 'via
283 3250 312 3312 io
334 3249 463 3312 antheus
484 3247 619 3312 abluatur
627 3269 641 3328 ,·
660 3266 694 3313 ut
713 3251 832 3328 proinde
854 3269 968 3316 certum
991 3251 1033 3313 sit

215 3349 268 3392 nec
288 3347 405 3406 germen
427 3330 489 3394 sine
509 3329 638 3408 polline,
661 3351 714 3394 uec
725 3329 859 3408 pollinem
880 3333 948 3394 sios
967 3350 1030 3406 get·

215 3411 292 3474 mine
319 3405 443 3474 fructum
464 3411 532 3476 dare
553 3432 654 3492 posse,
684 3413 728 3476 uti
750 3411 964 3476 demonstravit
985 3411 1030 3472 in-

213 3507 259 3556 ter
286 3507 411 3558 caeteros
431 3491 569 3561 Lionasus
598 3495 610 3572 (
631 3495 758 3556 Dissert.
777 3488 813 3557 de
833 3489 1032 3636 splplosollbuu

573 3581 576 3588 ⁴
901 3587 985 3635 antal-

764 3773 810 3826 s
