2152 4078
251 247 386 336 Physica,
406 249 620 317 Particularia.
759 281 797 335 ⁴7

21 325 141 394 salsedo
161 329 249 394 maris
267 333 361 398 oritur
383 332 419 398 ab
438 331 592 400 adustione
612 331 699 415 solis,
719 335 768 401 cui
788 354 837 420 est

21 409 264 487 proportionalis.

61 498 135 568 867.
160 493 201 558 R.
221 490 326 558 Tribus
354 490 391 558 dt
409 494 518 558 caussis
536 493 639 560 salsior
667 511 718 562 est
746 497 834 576 maris

20 591 96 647 aqua
119 571 151 636 in
175 592 251 636 zona
274 572 400 658 torrida,
428 595 516 653 quam
537 575 565 638 in
587 577 671 640 sonis
693 595 837 657 tempera-

20 651 57 714 tis
99 672 137 716 ac
156 647 282 731 frigidis.
303 657 340 734 i,
361 656 438 742 Quia
449 657 535 723 maris
556 677 629 734 aqua
650 657 835 724 inzonator-

22 731 47 794 ri
71 753 88 794 a
112 749 161 796 est
182 732 319 814 calidior,
339 733 462 816 ideoque
481 733 680 802 efficacior'ad
701 739 836 811 salissol-‚

22 811 137 876 vendas
157 813 343 896 particulas;
376 833 466 894 atque
484 815 520 880 ad
542 818 610 882 salis
638 821 835 884 sensationem

17 913 72 955 suo
95 896 199 975 majori
217 896 338 962 motuin
360 897 441 962 nobis
462 897 662 964 excitandam.
686 903 833 986 11,Quia

22 974 78 1036 sub
99 996 176 1040 zona
197 976 306 1041 torrida
328 976 365 1042 ob
392 979 528 1056 majorem
548 977 623 1044 aeris
642 977 767 1042 calorem
788 995 835 1042 est

21 1055 119 1134 major
139 1077 223 1134 aqua:
243 1058 437 1132 evaporatio:
463 1075 498 1120 ac
520 1061 616 1120 minor
638 1056 731 1120 dulcis
751 1079 835 1134 aqua:

17 1137 177 1211 quantitas
197 1134 346 1212 apluriis,
367 1136 498 1212 nivibus,
518 1137 550 1202 dc
571 1133 741 1200 fluminibus
764 1138 793 1198 in
802 1137 836 1198 ii-

18 1215 85 1278 lum
107 1231 251 1280 oeeanum
260 1213 375 1280 delata.
398 1219 462 1294 111,
484 1220 620 1282 Fortasse
640 1215 671 1280 in
693 1233 837 1280 nonator·

19 1295 83 1360 ricla
107 1297 201 1374 major
220 1311 266 1358 est
285 1296 368 1372 copia
387 1295 490 1364 salium
514 1345 523 1374 ,
555 1317 644 1374 quam
665 1299 718 1362 sub
737 1317 836 1374 aequa·

25 1392 115 1452 tore,
146 1398 181 1438 ex
201 1376 304 1452 quibus
324 1375 409 1442 habes
430 1399 482 1442 cur
501 1399 576 1456 aqua
597 1377 698 1442 salsior
719 1377 758 1442 sit
779 1376 833 1442 sub

18 1475 190 1535 aquatore,
221 1477 307 1535 quarn
328 1460 358 1520 in
377 1459 461 1524 zonis
483 1459 671 1538 temperatis,
698 1455 731 1526 dt
753 1455 833 1536 frigi·

19 1536 93 1681 bis:
129 1537 201 1604 item
232 1541 325 1619 major
351 1538 391 1604 sit
423 1537 535 1606 salsedo
561 1557 697 1620 aestate,
743 1561 831 1618 quam

40 1637 146 1695 yeme.

57 1707 132 1764 ese.
151 1703 226 1778 Opp.
246 1724 274 1766 s.
293 1698 400 1766 Salina
419 1700 572 1780 particulas
593 1719 663 1766 sunt
683 1723 758 1781 aqua
768 1725 832 1782 spe·

20 1777 106 1844 cilice
125 1785 270 1858 graviores
298 1801 368 1860 ergo
388 1779 495 1848 debent
519 1787 599 1861 juxta
621 1781 831 1859 hydrostaricae

18 1858 96 1937 leges
117 1861 146 1924 in
166 1857 259 1924 fundo
278 1863 366 1926 matis
386 1861 533 1928 subsidere
555 1867 568 1938 (
589 1861 677 1941 Phys.
699 1869 770 1927 Gen.
802 1885 830 1925 n.

19 1959 76 2014 593
102 1939 144 2015 ).·
169 1963 242 2020 ergo
261 1943 428 2022 permisceri
448 1958 600 2018 nequeunt
621 1944 680 2006 toti
709 1941 831 2006 marinae

16 2039 122 2100 aquae,
144 2042 268 2100 eamque
288 2021 469 2098 aquabiliter
488 2021 593 2084 salsam
611 2020 750 2084 reddere.

57 2110 128 2176 8⁶⁹·
152 2105 193 2166 R.
214 2103 310 2164 Primo
330 2121 404 2176 aqua
424 2100 513 2164 maris
530 2117 576 2163 est
596 2099 626 2160 in
646 2098 760 2163 assiduo
769 2119 832 2164 mn-

18 2198 72 2262 tu3
107 2181 255 2244 situtiex
277 2183 342 2273 ejus
360 2197 437 2246 aestu
457 2181 624 2257 reciproco,
646 2200 681 2244 ex
701 2177 831 2244 flumini·
891 2253 892 2256 Ἴ

17 2262 72 2326 bus
95 2261 126 2324 in
146 2261 238 2338 ipsam
265 2282 297 2344 se
315 2259 423 2338 jugiter
449 2259 698 2340 numerantibus,
729 2257 762 2324 dt
793 2263 839 2345 tx,
870 2285 873 2290 ·

17 2341 112 2420 ipsius
130 2341 263 2418 perenni
277 2342 485 2418 evaporatione
511 2359 613 2420 patere
634 2358 759 2421 potest:
789 2362 827 2406 ex

17 2435 103 2486 mota
123 2438 225 2488 autem
246 2419 307 2486 fieri
326 2419 429 2501 debet,
451 2439 487 2488 ut
506 2423 567 2486 tim
588 2424 692 2490 babeat
713 2422 750 2488 ad
771 2421 828 2486 dis-

18 2499 169 2568 solvendas
191 2502 258 2570 salis
282 2503 464 2584 particulas,
493 2522 583 2581 atque
604 2525 704 2570 earum
725 2503 828 2569 tantil-

17 2583 78 2646 lam
98 2584 271 2660 gravitatem
291 2584 479 2664 superandam
499 2589 511 2664 (
531 2581 786 2661 Pinetam
798 2585 827 2658 l.

18 2662 167 2728 Secundo:
187 2681 256 2730 cum
277 2664 429 2744 particulae
444 2665 511 2732 salis
521 2666 549 2728 in
570 2665 741 2730 exilissimas
763 2685 827 2755 pat·

18 2762 68 2808 tes
87 2745 122 2808 ab
141 2765 214 2823 aqua
235 2761 433 2826 separentur,
461 2768 497 2810 ac
517 2745 731 2823 dissolvantur,
763 2746 824 2807 lrsri

18 2823 123 2904 debet,
144 2844 178 2890 ut
200 2829 290 2906 magis
299 2829 454 2894 imminuto
473 2847 574 2894 earum
592 2825 718 2906 pondere
738 2845 827 2906 quarn

19 2907 168 2970 decrescat
186 2909 376 2987 superficies,
412 2908 477 2974 sive
500 2896 668 2987 dolumtn,
698 2908 826 2974 evadant

22 2987 68 3050 vel
89 2985 237 3070 leviores,
268 2989 313 3056 vel
344 2988 475 3068 ejusdem
503 2988 648 3070 specificae
669 2987 824 3068 gravitatis

21 3088 89 3130 curn
110 3088 208 3144 aqua:
234 3089 352 3135 certum
386 3067 528 3147 siquidem
545 3088 593 3135 est
612 3071 649 3134 ab
678 3070 827 3147 experien-

22 3150 83 3223 tia,
104 3143 137 3210 ἁ
157 3168 175 3210 a
194 3151 307 3216 ratione
325 3153 528 3229 geometrica,
560 3151 590 3213 in
611 3169 763 3230 corporum
783 3146 828 3211 di·

22 3229 135 3290 visione
153 3229 244 3301 magis
266 3231 397 3294 imminui
417 3229 595 3309 soliditates,
618 3251 706 3308 quam
727 3237 826 3306 super·

25 3309 130 3374 ficies.
160 3309 279 3372 Etenim
300 3309 465 3374 soliditates
484 3332 636 3389 corporum
664 3326 827 3386 sequuntur

23 3391 165 3452 rationem
184 3386 326 3452 cuborum
353 3391 474 3465 (Geom.
495 3411 524 3452 n.
546 3393 640 3464 274)=
661 3387 825 3468 superficies

25 3488 122 3534 autem
143 3468 287 3532 rationem
308 3469 513 3544 quadratorum
535 3471 628 3546 (iun.
641 3494 692 3546 ¹7¹
708 3469 736 3543 ):
757 3488 824 3532 curn

25 3568 122 3618 autem
143 3551 172 3616 in
201 3546 335 3616 ordinata
357 3549 552 3628 progressione
574 3551 663 3634 magis
693 3563 825 3696 σπεῖραι

718 3652 783 3696 cur
