2152 4078
212 221 217 228 ·
284 216 311 263 4,
502 207 508 234 l
541 187 715 254 ‘Elementa
834 229 837 235 -
1036 259 1040 264 ,

246 268 392 346 ineclipti
412 268 505 336 lunari
524 267 651 336 tellusa
678 269 739 336 sole
765 267 930 338 illuminata
959 273 989 338 in
1015 274 1056 342 lu

243 349 451 448 namdirigit,
479 359 524 416 est
552 353 683 431 coneo,
710 352 793 430 cujus
822 349 922 433 liturae
953 356 1053 438 umbra

245 433 358 510 nonnisi
379 432 773 512 aspnaericocnrpnrenrojici
794 449 892 510 potest
912 435 1055 514 (rt327s).

245 519 310 598 111,
329 517 389 594 Qui
410 535 459 592 per
480 535 558 578 mare
578 515 634 576 iter
653 509 784 591 faciunt,
807 513 881 592 prius
903 535 922 578 e
942 515 1053 595 longiu-

162 627 166 634 ,
209 610 213 619 ’
244 619 303 673 quo
323 595 592 672 tidentnmntiuni,
613 593 948 675 seturriunuertites,
969 617 1053 674 quatu

245 678 305 754 ipse
332 678 496 755 montium,
526 697 561 738 nc
590 674 712 739 turrium
732 690 870 753 corpota3
891 676 984 756 item,
1007 677 1051 754 qni

246 756 343 822 telluri
365 759 532 822 insistentes
553 755 663 832 navigia
686 773 735 832 per
753 775 833 820 nisse
860 752 956 822 delata
986 757 1050 823 emi·

244 859 299 902 nur
318 837 469 916 spectant,
485 838 562 914 prius
580 837 733 900 observant
765 833 905 898 malorum
935 837 1049 900 summi·

243 935 340 998 tates,
361 939 447 996 quarn
469 917 528 994 ipsa
550 913 666 983 videant
687 916 814 993 navigia,
837 918 919 993 cujus
937 917 1047 992 quiden

243 1001 285 1064 rei
306 1021 362 1062 non
384 997 439 1061 alia
459 995 669 1079 potestafferri
691 1013 808 1070 caussa,
830 1015 916 1070 quam
947 997 1045 1074 maris,

243 1078 412 1156 tellurisque
431 1077 622 1142 convexitas:
650 1097 718 1152 ergo
748 1072 859 1137 telluris
889 1071 980 1149 figura
1007 1091 1047 1138 est

243 1158 416 1222 sensibiliter
446 1159 612 1236 sphaerica,
649 1176 707 1215 non
736 1150 925 1218 consideratis
955 1173 1046 1219 tamer

242 1239 388 1301 montium
416 1234 590 1310 altitudine,
617 1232 794 1308 valliumque
821 1233 1044 1312 profunditate,

242 1335 309 1392 quae
329 1315 366 1380 ad
384 1331 471 1378 terrae
491 1311 597 1388 molem
618 1333 674 1372 non
697 1311 804 1376 habent
827 1313 991 1378 sensibilem
1011 1333 1046 1378 ra·

243 1399 376 1472 tionem,
403 1390 576 1470 aeprninde
594 1393 742 1455 contemni
765 1393 870 1456 merito
900 1410 1046 1470 possuntt

242 1475 377 1539 altissimi
396 1475 474 1537 enim
494 1473 602 1536 montis
622 1470 749 1552 altitudo
768 1494 799 1536 se
820 1473 964 1538 habetati
990 1491 1044 1550 tet·

220 1559 223 1567 '
243 1575 290 1620 toe
308 1553 507 1631 diametrum,
526 1570 561 1617 ut
586 1571 635 1615 ro:
659 1567 765 1628 13760·
1030 1611 1033 1618 .

284 1646 353 1712 758·
372 1683 394 1714 ‚,
424 1635 516 1706 schol.
535 1633 707 1709 sphaericam
738 1631 834 1696 telluri
862 1632 1046 1711 figuram-ve

243 1732 321 1792 tenes
341 1725 415 1793 p'ene
433 1712 771 1792 ornneeadjodicarunt,
800 1714 824 1776 ei
845 1735 950 1792 paucos
979 1713 1046 1778 etoi-

194 1796 203 1818 ²¹
243 1795 321 1874 pias,
342 1793 484 1874 praecipue
503 1797 730 1871 Xenophanem,
749 1793 798 1870 qui
809 1791 920 1860 telluris
940 1793 1047 1871 planae

243 1877 346 1946 tribuit
368 1873 545 1954 superficiem
564 1873 759 1951 ,in'immenso
779 1874 873 1950 spatio
895 1874 1044 1938 altissimas

242 1955 352 2021 radices
373 1974 525 2034 agentem,
548 1955 601 2020 leui
631 1954 760 2033 opinioei
788 1954 807 2018 ii
828 1975 926 2018 omnes
956 1948 1043 2016 adhe*

58 2091 61 2098 ,
165 2069 167 2074 ·
241 2054 343 2100 serunt
365 2037 502 2102 Ecclesiae
521 2039 641 2115 Patres,
670 2035 773 2112 quibus
794 2032 965 2112 antipodum
996 2033 1056 2098 eri

141 2149 144 2154 ·
240 2118 349 2180 atentia
372 2115 468 2211 fabula
488 2120 550 2182 visa
570 2114 656 2210 luite·
669 2118 742 2180 item
773 2115 976 2192 Leucipuum,
1005 2111 1056 2210 qui¹

242 2213 348 2275 terrem
369 2214 485 2272 putavit
505 2218 569 2260 esse
590 2216 751 2272 timpanum
780 2215 817 2258 ex
846 2213 970 2270 utraque
991 2213 1055 2270 parv

241 2291 274 2340 te
295 2271 430 2356 planumt
450 2295 539 2356 atque
560 2279 783 2352 Democritum,
805 2276 854 2348 qui
873 2269 1042 2336 censuittel·

241 2355 309 2420 luris
342 2356 518 2433 superficiem
546 2377 609 2420 etse
641 2353 733 2415 instar
760 2351 831 2412 disti
860 2371 1040 2416 concavam.

242 2437 290 2504 Ab
318 2437 531 2503 Anaximandro
561 2453 660 2497 tarneu
694 2427 807 2494 Taletis
841 2427 985 2508 discipulo
1014 2428 1040 2494 ad

241 2521 306 2584 lnae‘c
326 2539 415 2595 usque
438 2532 567 2593 tempora
588 2512 675 2576 tellus
696 2507 833 2586 splrterica
855 2509 891 2580 ab
917 2512 1041 2575 omnibus

241 2621 315 2676 pene
335 2600 511 2674 Philosophia
534 2593 631 2657 habita
653 2588 728 2668 fuit,
748 2611 834 2666 quem
899 2593 1041 2736 emniipar·

181 2689 183 2694 ’
243 2697 276 2743 te
296 2681 427 2744 homines
455 2675 631 2738 incolerent.
659 2675 738 2746 Num
771 2691 819 2736 ver
857 2672 897 2736 sit
923 2667 1041 2747 perede

241 2759 398 2837 spherica,
418 2757 580 2831 habeatque
600 2753 776 2816 mundanum
796 2774 812 2816 a
834 2773 880 2816 em
908 2751 1042 2818 diametro

156 2841 161 2850 '
241 2841 398 2916 aequatoris
418 2837 593 2914 geometrice
613 2832 755 2910 aequalem
775 2823 912 2911 superiori
941 2829 1041 2898 saec'ult

241 2920 372 2983 dubitare
391 2932 542 2995 ceperunt
561 2915 726 2992 peritissimi
757 2913 1043 2992 Mathematici,.·ac

240 2999 421 3074 Gengraplni,
452 3015 572 3073 quorum
601 2995 714 3074 aliqui,
744 2996 885 3073 precipue
925 2995 1042 3068 Picert,

239 3080 277 3144 ele
297 3079 324 3143 la
346 3081 439 3157 Hire,
459 3073 643 3156 cassinis&
664 3076 765 3154 taeteri
796 3071 875 3144 Galli
901 3076 1041 3151 antiquam

241 3159 471 3238 AEgyptiotum,
501 3161 667 3236 Persarum,
698 3155 887 3230 Phanieum,
916 3153 1041 3220 aliatum

239 3261 295 3318 que
315 3239 467 3304 nationum
491 3237 652 3317 opinionem
675 3232 880 3312 sinpleeientes
910 3248 1040 3325 putatur}

240 3337 348 3385 terram
375 3340 438 3384 esse
466 3319 653 3398 sphaeroidem
683 3318 796 3392 longam
825 3311 859 3378 ad
889 3313 983 3378 instar
1003 3334 1039 3376 ou

239 3401 292 3466 sub
320 3401 391 3480 polis
418 3399 577 3484 prolatam,
605 3396 638 3462 dt
668 3397 703 3462 ad
731 3412 919 3472 aequatoteuu
938 3391 1041 3486 depret-

164 3531 166 3538 >
238 3501 316 3562 satu,
336 3482 586 3564 Hugeuiusvero,
606 3482 797 3556 Newtonus,
818 3495 978 3562 omnesque
986 3479 1040 3546 liu

266 3579 280 3608 =⁴
522 3603 527 3606 ·
930 3571 1012 3622 tenni
