2168 4072
179 203 308 302 Physicae
327 215 541 288 rarruunrs.
700 243 757 284 ιιι

6 316 119 382 ptest,
139 300 311 379 quamquod
327 301 488 374 cinnabaris
508 299 609 366 rubroc
628 294 724 362 radios
745 319 803 364 cae·

6 385 74 448 eris
98 383 263 462 copiosius,
290 379 324 446 dc
344 381 468 446 vividius
488 376 646 460 ressediat3
674 379 803 446 indicum

6 461 131 538 ndicos,
149 459 182 528 dr
201 462 242 528 sic
262 460 300 525 de
315 461 431 526 caeteris
451 461 546 527 dices.
567 463 609 526 Ex
629 460 731 538 quibus
750 479 804 526 ve·

6 545 72 608 itas
94 544 309 610 Nevvtoninnae
327 539 462 607 dodrioae
482 547 552 608 satis
575 540 683 619 liquet.

39 644 131 698 133¹·
151 619 322 686 Probarnrr
343 642 423 697 pars.
444 626 488 686 Ex
507 621 605 688 relatis
627 639 805 701 supraexpe·

6 702 139 766 imentis
159 703 209 778 (n.
222 699 320 776 1308)
341 701 493 777 permixtio
512 701 655 766 radiorum
675 703 820 774 oninium,

6 779 97 848 ulicis
121 783 153 846 in
173 781 269 844 anima
277 777 414 846 albedinis
425 799 560 844 sensum:
580 782 807 858 quotiescunque

6 883 31 928 tr
52 885 75 925 o
100 879 204 938 corpus
233 879 353 938 opacum
383 882 483 925 omnes
502 857 595 924 radios
621 859 692 924 satis
713 861 808 926 vivide
918 926 921 933 ,

6 963 27 1008 e
108 956 141 1005 at
175 939 204 1004 hi
225 963 281 1006 uua
303 941 436 1020 permixti
458 940 492 1004 ad
502 938 619 1005 oculum
630 940 810 1018 pervenient,

6 1019 34 1087 ic
57 990 206 1100 objedum
225 1020 322 1086 album
341 1021 535 1088 exhibebunt.

45 1121 139 1176 ¹3³2·
159 1097 305 1166 Probatur
327 1123 341 1177 ς
364 1125 452 1181 pars.
482 1101 577 1164 Primo
598 1099 676 1168 enirn
697 1097 814 1176 nigredo

6 1179 139 1245 albedini
170 1184 325 1256 opponitur
348 1203 354 1217 ·
381 1183 497 1260 igitur,
526 1182 550 1244 si
577 1185 707 1246 haecest
723 1200 765 1243 ex
784 1201 816 1242 o·

6 1261 128 1325 mnium
144 1257 290 1322 radiorum
298 1281 328 1324 re
354 1263 468 1340 exioue,
488 1260 752 1340 primaeuurgetex
773 1281 816 1322 νει
845 1281 851 1286 ·

6 1337 150 1404 iiexionis
170 1334 301 1418 dercon,
323 1342 390 1406 hine
409 1341 469 1420 ipsa
489 1361 606 1418 corpora
627 1339 689 1408 alba
710 1361 747 1406 ex
768 1337 818 1402 de-

6 1417 90 1484 fediu
113 1417 235 1484 reflexa
256 1418 327 1486 lucis
348 1423 426 1501 nigre
445 1419 595 1501 erodunt,
615 1423 657 1486 sic
676 1417 818 1486 fenestra·

6 1513 78 1566 tum
98 1497 193 1576 spatia
212 1501 325 1568 eminus
345 1501 613 1584 inspeduappatent
635 1502 724 1582 nigro,
742 1495 820 1580 quud

6 1578 92 1646 nulii
134 1577 181 1643 vei
214 1583 297 1658 pauci
319 1583 389 1650 radii
410 1581 477 1648 inde
498 1581 534 1648 ud
564 1599 692 1648 remotos
721 1581 821 1646 oculos

6 1627 221 1728 ressediantur.
244 1665 293 1742 11,
314 1668 443 1744 Corpora
453 1663 530 1742 nigra
553 1665 583 1727 in
603 1663 742 1740 separatis
751 1663 821 1742 pris·

6 1757 101 1806 mate
121 1737 207 1806 radiis
227 1743 398 1823 collocata,
426 1743 633 1810 debilissimum
654 1742 751 1806 lumen
778 1763 822 1806 re·

8 1817 168 1887 flebunt.
188 1825 253 1899 111,
275 1827 402 1902 Corpora
412 1827 488 1900 nigra
510 1825 649 1888 solaribus
670 1821 754 1886 radiis
775 1842 825 1886 eu·

7 1901 113 1980 posito
126 1905 329 1972 vehementius
338 1926 398 1983 prou
411 1906 526 1970 caeteris
539 1903 735 1976 incalescunt,
757 1903 826 1980 quie

6 1989 123 2056 'nempe
143 1983 234 2061 major
253 1981 325 2050 lucis
346 2005 409 2062 pars
429 1985 465 2050 ab
486 1985 552 2064 ipsis
573 1983 751 2060 absorbetur,
772 1982 830 2048 urii.

11 2063 99 2126 nima
122 2057 303 2153 reiietiitur.
325 2067 390 2144 IV,
419 2065 492 2130 solis
514 2068 609 2142 imago
629 2065 659 2126 in
682 2063 745 2127 aibu
764 2081 828 2139 spe-

11 2139 88 2208 cuio
110 2135 221 2214 demna
238 2141 276 2206 iit
304 2145 412 2208 uostris
431 2144 523 2210 oculis
545 2141 736 2210 intolerabiiis
761 2160 773 2220 ς
794 2158 827 2204 at

10 2221 43 2284 in
68 2217 189 2296 speculo
198 2220 278 2300 nigro
298 2220 406 2302 depidia
429 2221 517 2292 facile
534 2225 698 2291 sustinetur
717 2223 756 2288 ob
774 2224 829 2286 rni-

13 2301 135 2363 nimam
155 2297 299 2365 radiorum
320 2301 527 2372 reflexionem.

62 2379 347 2460 1333.„scholion.
369 2387 526 2463 Postquam
547 2387 611 2450 haec
632 2385 829 2460 Nevrtuuus,

15 2477 94 2537 quae
123 2458 159 2522 ad
188 2459 299 2526 colores
328 2465 460 2530 attinent
489 2465 586 2545 lucis,
616 2461 649 2530 dc
676 2482 831 2542 corporum

10 2557 186 2634 opacorurn
211 2539 366 2620 multiplici
403 2547 603 2622 experimento
642 2541 831 2623 illustravit,

12 2637 157 2708 mussant
177 2620 297 2692 inquirit
334 2619 478 2686 undenam
497 2625 610 2691 diuersa
630 2623 774 2688 mdiorum
786 2635 832 2684 re‘·

15 2693 118 2762 flexio
139 2713 168 2756 tn
189 2668 355 2774 corporibus
375 2703 555 2780 contingat.
583 2703 711 2779 sumpsit
730 2703 831 2778 itaque

15 2776 106 2842 binas
136 2770 239 2840 lentes·
259 2777 414 2858 obiedivas
450 2781 677 2860 telescopiorunu
715 2779 833 2860 ursione

15 2853 148 2938 fopmae,
168 2875 291 2950 querum
314 2881 401 2926 unam
422 2863 559 2943 utrinque
578 2883 742 2939 convexam
758 2859 833 2926 aite·

14 2930 191 3030 riuus-lentis
212 2936 304 3032 pianae
324 2941 484 3019 superficiei
504 2943 663 3024 imposuit,
682 2941 835 3007 nutriero

18 3011 149 3081 cuilibet
169 3033 308 3094 utrinque
329 3020 438 3096 plano:
466 3025 545 3089 inter
564 3026 637 3089 istas
668 3022 765 3088 tenuis
784 3041 836 3086 aer

20 3099 124 3164 instar
144 3092 261 3160 iaminae
289 3097 442 3176 peiiueidae
472 3106 577 3181 iacet,
605 3121 673 3176 ‘iure
692 3101 723 3164 io
744 3100 837 3164 ritro-

17 3195 89 3242 rum
111 3173 247 3240 contadiu
267 3179 435 3244 tenuissima
455 3198 526 3260 est,
547 3182 578 3244 in
599 3199 713 3244 recessu
733 3195 836 3248 autem

19 3278 36 3323 a
58 3253 199 3320 contossu
220 3261 388 3326 crassescit.
409 3260 469 3326 His
489 3261 609 3340 positis,
629 3261 652 3323 si
674 3257 722 3324 lux
743 3259 774 3322 in
789 3279 838 3326 su·

20 3336 169 3416 periurum
191 3334 301 3403 lentem
320 3339 406 3404 cadat
429 3388 438 3418 ,
466 3359 554 3416 quatu
574 3361 592 3403 a
613 3339 752 3416 superiori
772 3360 840 3418 pur·

20 3435 55 3482 te
77 3417 274 3498 intueamur,
304 3419 452 3498 apparebit
475 3421 554 3499 nigre
582 3417 696 3485 macula
716 3419 746 3482 in
776 3421 839 3498 ipso

20 3498 155 3570 ieutiruu
174 3495 310 3565 emtadu
324 3548 342 3582 2,
368 3501 555 3648 circaKquaru
573 3501 763 3570 obstruntur
777 3521 842 3598 ογει-λ

488 3603 503 3662 3
760 3604 798 3647 ru
