2174 4084
263 175 317 240 tls
457 217 464 226 ·
502 159 724 239 salernem
770 155 803 197 ‘⁵‘

220 250 285 320 bern
305 253 464 323 exhibens
480 258 517 319 Μ
539 275 608 318 vero
628 255 667 317 sit
688 249 813 333 jupiter,
833 259 944 332 corpus
966 270 1044 335 epa-

220 353 306 416 eum,
328 335 402 412 quod
420 336 489 398 dum
505 334 577 398 solis
594 333 659 398 luce
669 329 872 411 perfunditur,
894 337 1042 402 umbram

219 421 286 478 MT
315 419 430 495 projicit
459 417 490 478 in
519 414 681 492 oppositam
714 411 854 490 plagam.
888 421 1041 502 Quattuor

220 497 294 574 jovis
314 496 457 568 satellites
478 497 490 573 (
514 514 542 558 n.
562 516 620 571 357
644 493 657 567 )
677 493 738 564 sint
769 497 812 573 F',
833 498 868 574 l,
899 503 951 574 G,
985 503 1037 576 D,

220 575 295 639 circa
316 579 413 655 jovem
433 597 489 639 suo
505 573 654 652 -periodico
675 588 757 634 motu
779 573 891 655 delati;
914 579 944 640 hi
971 599 1038 656 pro·

219 651 315 734 fello,
336 671 443 734 utpote
463 655 566 732 opaci,
587 672 655 715 cum
680 653 907 730 'sevisumbram
938 658 1035 736 ingress

213 733 358 815 ‘diuntug
371 733 730 810 obscurabantursrursus¹
751 732 938 800 illuminandi
960 747 1035 800 aso·

213 815 268 893 le,
289 821 357 878 etun
372 815 423 878 -ab
454 814 562 878 umbra
584 814 783 887 emerseram
801 817 879 899 Joris
906 817 1033 882 intimus

214 895 339 966 satelles
356 897 410 972 Ἥ,
440 895 512 958 siie·
526 893 701 972 proximior,
731 913 813 959 suom
837 895 967 960 absolvit
989 917 1034 963 re·

218 973 403 1039 volutionem
425 975 641 1038 nomenoius
663 999 701 1047 42
721 979 790 1038 crim
818 974 934 1038 dimidio
967 978 984 1054 (
1005 997 1035 1042 n.

162 1065 171 1106 l
223 1060 279 1132 3'58
301 1053 328 1131 >t
351 1056 416 1119 hinc
437 1072 523 1119 tanto
545 1061 676 1130 tempore
696 1053 912 1126 ,semel'umbrae
944 1057 1032 1132 jovis

191 1135 421 1212 r‘imnergirnr,
452 1151 486 1198 ae
511 1134 602 1198 semel
638 1136 777 1212 emergit,
805 1135 910 1199 idcirco
937 1134 1032 1200 facile

222 1213 280 1278 luit
301 1217 375 1278 cirea
398 1215 597 1295 hujuscemodi
620 1214 741 1292 eclipses
759 1217 913 1280 instituere
942 1233 1030 1282 accu-

222 1313 302 1360 ratas
334 1295 570 1374 observationes,
591 1313 624 1358 ac
655 1312 770 1374 tempus
804 1295 941 1374 delinire,
971 1319 1030 1376 quo

224 1374 344 1452 eclipses
365 1376 431 1440 istm
454 1371 646 1454 vcontingere,
675 1363 709 1439 ὰ
736 1373 826 1440 redire
855 1375 1029 1456 deberent,

222 1453 432 1532 definitumque
455 1473 567 1532 ternpus
586 1455 698 1534 ‚tabulis
727 1457 911 1537 consignare.
948 1462 1028 1538 Jam-

220 1555 291 1598 vero
306 1557 323 1608 ‚¹
337 1532 360 1595 sl
380 1534 487 1597 lux'in'
504 1537 627 1599 instanti
655 1555 878 1614 propagaretur,
909 1535 1028 1601 satelles

223 1615 259 1678 ab
279 1613 378 1676 umbra
399 1636 555 1693 ,emergens
584 1615 661 1681 illico
690 1621 906 1696 conspiceretur
926 1638 943 1682 a
968 1635 1028 1681 ter-

212 1692 317 1758 ricolis
336 1695 373 1755 'in
403 1707 577 1772 quacunque
607 1721 621 1760 a
651 1697 780 1762 satellite
809 1698 961 1762 distantiae
994 1715 1032 1761 at·

222 1783 417 1850 compertumx
433 1795 496 1854 est,
524 1798 591 1840 eum
624 1778 710 1842 tellus
739 1797 792 1840 est
814 1781 843 1840 in
865 1781 904 1855 E,
934 1777 1026 1840 citius

223 1875 357 1934 apparere
379 1857 535 1921 satellitem
558 1859 592 1919 ab
618 1861 717 1922 umbra
747 1879 911 1935 egressum,
939 1878 1027 1934 quam

222 1957 290 2000 cum
316 1935 403 1998 tellus
423 1955 468 2001 est
489 1939 518 2000 in
539 1942 582 2000 T:
602 1933 634 2000 &
655 1937 950 2016 quidem‘differen'tia
968 1941 1027 1999 mi-

30 2087 36 2094 ,
222 2029 363 2080 natorum
386 2017 502 2082 circiter
528 2037 579 2090 14²
600 2038 667 2096 ergo
688 2018 738 2081 lux
767 2041 823 2082 non
852 2033 1026 2095 propagatur

224 2097 254 2158 in
275 2097 418 2177 instanti,
440 2098 489 2162 sed
511 2101 691 2164 successive:
712 2099 877 2174 itaquidern
899 2115 933 2161 ut
953 2117 1025 2160 aso-

151 2224 154 2228 .
221 2174 249 2238 le
271 2175 306 2239 ad
333 2191 441 2242 terram
467 2176 646 2242 deveniendo
667 2179 779 2243 minuta
793 2177 950 2255 impendat
969 2179 1026 2240 eir-

221 2255 298 2319 'eiter
321 2281 358 2332 7,
387 2277 454 2321 cunr
483 2255 626 2324 distantis
655 2258 720 2323 solis
740 2263 854 2322 eterra
887 2255 1025 2336 adaequet

221 2337 365 2412 integram
378 2337 632 2410 'semidiametrum
654 2339 745 2422 magni
766 2339 861 2400 orbis:
882 2337 1024 2402 distantia

210 2431 322 2498 ‘autem
342 2413 453 2480 telluris
482 2423 506 2482 E
537 2441 553 2483 a
576 2419 679 2501 punllo
698 2421 745 2496 T,
773 2420 800 2480 in
817 2429 881 2494 'qua
907 2435 1023 2496 percur-

221 2494 308 2560 renda
331 2495 470 2572 impendit
494 2498 549 2563 lux¹
570 2527 613 2575 14·
626 2500 743 2565 circiter
762 2499 895 2572 minuta,
923 2499 961 2562 sit
982 2517 1022 2562 ae-

222 2574 315 2654 qualis
336 2577 574 2658 integrae'magni
589 2582 673 2649 orbis
690 2579 854 2644 diametro.
937 2583 939 2588 ’
1013 2647 1017 2654 ,

263 2671 348 2728 1246.
369 2707 390 2736 „
412 2657 548 2726 scholion
568 2669 592 2724 1.
601 2667 668 2732 Non
678 2658 862 2724 indeinleras
880 2679 945 2724 curn
960 2663 1018 2722 Co·

220 2739 381 2816 pernitani's
402 2736 537 2806 tellurem
559 2743 687 2808 moveri:
709 2744 820 2806 etenim
841 2762 882 2804 res
902 2736 1015 2816 perinde

220 2815 378 2897 sehabet,
396 2817 575 2906 ¹fiueJupirer
598 2823 649 2888 fiat
667 2840 816 2902 arrogans,
836 2819 1016 2896 &perigene

219 2901 271 2974 per
289 2900 540 2964 motumtelluris:
561 2905 686 2980 siveper
706 2901 873 2966 motumsui
883 2899 970 2980 ipsius
980 2942 1016 2977 .„

229 2977 533 3060 ''²1''247.„scholion
553 2987 593 3044 Π.
614 2987 687 3047 Fere
707 2993 808 3046 omnes
830 2979 1017 3045 Recentinres

211 3059 334 3134 Physici·
350 3081 401 3136 pro
416 3063 584 3126 'successiva
609 3063 726 3126 luminis
741 3062 949 3139 'propagatione
970 3078 1015 3135 pe·

216 3157 394 3214 temptorum
410 3161 474 3204 esse
501 3161 608 3218 putant
628 3159 832 3220 argumentum
860 3140 894 3204 ab
913 3139 1016 3204 annuis

218 3215 338 3282 lixarum
348 3220 573 3284 aberrationibus
585 3224 654 3288 alibi
672 3224 840 3292 memoratis
862 3223 911 3298 (n.
923 3243 974 3296 ιη
982 3217 1013 3296 l,

215 3318 492 3374 quarum-caussam·
511 3323 547 3366 ex
569 3304 731 3366 successiva
752 3301 869 3364 lumInis
884 3303 1014 3378 propaga·

156 3455 159 3463 Ι
216 3379 316 3456 tione,
337 3377 370 3442 &
391 3378 504 3443 telluris
527 3399 609 3444 motu
632 3380 777 3462 periodico
804 3379 1013 3456 elegantissime

215 3453 376 3534 desumpsit
386 3459 540 3542 'Bradlejus
560 3479 663 3528 contra
683 3478 815 3526 mentem
844 3459 1014 3536 Copemicn-

300 3565 304 3574 ·
854 3558 974 3620 norum,
