2190 4080
248 351 252 358 .
333 255 466 339 Physicae
485 257 698 326 Particularis.
820 281 880 332 ²99

356 379 525 446 Solvuntur
543 377 676 469 obirata.

154 525 242 578 ¹349·
267 507 342 577 opp.
368 525 393 561 1.
414 499 468 560 Ubi
488 518 572 565 extat
594 499 801 580 perturbatus,
830 499 921 567 celer-

75 595 80 610 ‘
106 583 218 660 rimus',
249 578 282 644 dt
301 581 470 656 expansivus
490 584 695 656 particularum
718 601 839 659 motus,
861 605 919 647 non

106 684 221 738 semper
243 658 471 724 habeturtalor.
488 665 532 725 'Et
553 683 590 724 ex
609 664 730 728 adverso
747 665 921 740 quandoque

107 744 267 818 percipitur
297 739 401 816 calor,
433 740 480 800 ubi
511 761 568 802 non
598 762 681 807 extat
719 743 919 821 hujuscemodi

105 841 223 887 motus.
245 822 373 884 Primum
394 820 528 897 paterio
552 822 741 896 quorumdam
761 829 918 899 permixto·

105 923 172 965 rum
193 902 335 980 liquorum
355 897 627 965 sementationibus
650 952 659 978 ,
689 905 843 977 inquibus
866 923 916 966 est

108 985 263 1060 conspicua
298 981 505 1058 particularum
534 984 659 1058 agitatio
683 1004 750 1045 curn
791 985 917 1046 sensibili
995 1031 997 1038 ,

108 1061 215 1139 frigore
234 1064 420 1140 consociata,
453 1061 695 1136 quemadmodum
717 1065 865 1138 contingit
886 1068 918 1126 in

67 1176 71 1184 =
107 1145 254 1208 mixtione
274 1145 351 1206 aceti
381 1141 516 1204 distillari
543 1164 610 1206 cum
631 1144 690 1207 sale
720 1141 835 1208 volatili
855 1147 917 1206 uri·

110 1245 185 1304 nae,
216 1223 260 1287 vel
286 1245 353 1288 curn
376 1223 434 1286 sale
462 1221 741 1302 volatili-sanguinis
756 1226 917 1303 ‘humani,

111 1323 204 1380 atque
222 1306 311 1368 etiam
333 1307 363 1366 in
391 1304 454 1367 aliis
477 1304 665 1368 mixtionibus
692 1308 916 1368 aMusschem·
946 1323 949 1335 ⁴

106 1387 223 1448 broekio
244 1386 429 1462 memoratis3
449 1385 480 1445 in
501 1385 544 1446 his
563 1387 642 1448 enirn
663 1386 758 1448 oritur
779 1383 916 1451 adeofti·

106 1463 170 1542 pido
191 1462 431 1542 effervescentia,
452 1467 701 1542 otthermoscopii
722 1465 915 1542 liquorusque

105 1546 141 1610 ad
164 1546 312 1620 aigradus
334 1543 641 1622 aliquandosubsidrt.
664 1546 801 1610 Alterum
822 1548 914 1610 etiarn

106 1623 295 1691 manifestum
313 1624 351 1690 'fir
372 1629 399 1688 in
423 1627 547 1689 mixtura
569 1628 625 1692 olei
648 1625 756 1690 vittioli
777 1627 915 1704 cumplu-

107 1709 153 1769 vin
176 1727 269 1782 aqua:
289 1708 317 1768 in
342 1709 395 1769 hac
416 1706 555 1782 siquidem
585 1709 726 1772 mixtione
748 1707 843 1770 nullus
864 1729 914 1772 ex·
973 1767 979 1788 p

105 1789 217 1852 titatur
238 1804 356 1864 motus,
376 1783 516 1850 &tamen
537 1789 614 1852 calor
636 1792 768 1854 increscit
785 1811 802 1852 a
823 1789 913 1866 gradu

106 1881 142 1941 48
166 1865 314 1943 usquead
337 1890 386 1938 oza

148 1973 234 2024 ispo.
255 1951 297 2011 R.
319 1944 365 2009 Ad
390 1971 415 2005 r.
432 1949 542 2009 Omnes
565 1945 807 2014 fermentationes
830 1948 859 2009 in
876 1969 914 2016 ae
995 1967 1002 1984 *

81 2027 238 2104 sirispeuae
265 2026 369 2094 calidae
398 2019 495 2102 subt,
525 2028 587 2090 sive
618 2049 695 2108 aptae
718 2031 753 2094 ad
784 2031 911 2096 calorem

6 2133 9 2170 r
101 2109 287 2174 excitandum
298 2133 320 2171 a
331 2101 480 2182 nonnullae
499 2123 603 2171 tamen·
619 2129 756 2186 apparent
777 2109 909 2190 lrigidae,

7 2239 9 2253 .
101 2191 179 2266 quod
199 2208 334 2266 magnam
353 2186 590 2263 saliumcopiam
618 2191 802 2270 excludant,
832 2189 909 2256 unde
961 2200 963 2206 ’

99 2269 131 2334 dt
154 2269 243 2347 frigus
266 2273 295 2333 in
315 2270 467 2346 sen-sibus,
487 2264 519 2330 dt
541 2270 727 2333 constrinllio
749 2275 776 2336 in
799 2272 910 2350 liquore

99 2355 300 2416 thermometri
323 2349 541 2428 proficiscitur.
570 2350 709 2426 Equidem
731 2356 846 2416 notavit
869 2355 912 2416 ci-

100 2449 182 2495 tatus
213 2432 516 2496 Musstbembroeltius
546 2432 575 2494 in
597 2430 768 2506 quibusdam
796 2429 909 2510 frigidis

6 2517 12 2574 1·
100 2511 376 2592 fermentationibus
405 2507 827 2588 calidumprodire.fi1mum,
856 2513 908 2590 qui

97 2591 302 2658 thermornetri
323 2593 461 2668 liquorem
483 2589 518 2653 ad
543 2614 579 2655 xo
601 2611 693 2670 usque
712 2590 816 2668 gradus
836 2589 908 2655 dila-

96 2675 177 2737 tabat
189 2673 201 2752 ;
220 2671 287 2736 licet
310 2671 573 2737 sermentescenres
594 2673 719 2750 liquores
739 2669 833 2748 frigidi
857 2692 906 2746 ap-

95 2769 226 2834 parerent
246 2752 319 2833 ,·&
339 2757 511 2817 immersum
529 2755 774 2831 therinoscopium
795 2753 907 2818 cousti-

9 2891 11 2914 ,
96 2851 218 2912 patent,
249 2841 292 2913 ex,
305 2856 363 2914 quo
385 2836 455 2896 saris
477 2849 559 2913 patet
581 2834 643 2898 illas
664 2833 907 2900 frumentationes

97 2919 128 2978 in·
149 2917 246 2994 seipsis
269 2913 360 2980 fuisse
380 2914 505 2994 calidas,
524 2915 558 2980 dc
581 2935 680 2980 tamen
702 2914 814 2993 frigoris
835 2909 903 2978 effe-

92 2996 153 3063 llus
176 2995 339 3074 produxisse
348 2997 388 3060 ob
406 2999 552 3076 ingentem
572 2995 779 3060 dissolutorum
800 2994 907 3060 salium

6 3085 8 3116 ³
95 3079 226 3156 copiam.

136 3144 294 3235 1451.Ad
317 3184 345 3222 2.
366 3167 477 3224 Motus·
503 3159 538 3226 ad
559 3155 687 3222 calorem
716 3153 905 3219 excitandum

6 3249 9 3260 ’
93 3239 211 3304 idoneus
234 3259 291 3300 non
326 3258 371 3303 est
396 3257 495 3303 motus
524 3238 646 3318 quilibet
674 3240 767 3302 etiam
786 3241 903 3312 conspi-

91 3339 181 3386 cuus:
200 3318 250 3383 sed
272 3322 505 3400 motuspartium
527 3324 693 3398 ignearum,
714 3317 748 3384 dt
767 3318 904 3383 tninirnn-

92 3423 157 3468 tunt
188 3400 401 3480 perturbatus,
429 3399 592 3464 celerrimus
611 3397 902 3482 macomadibus:
995 3457 1000 3466 ,

497 3483 528 3544 Ν
570 3492 587 3542 6
772 3499 861 3557 atqua
