2174 4084
264 297 323 355 270
470 331 472 336 ,
560 269 714 338 Elementa
742 287 746 298 '

227 381 310 434 poros
331 351 538 434 pervadentes,
568 369 602 416 ur
630 350 690 417 lert
713 353 898 418 eornmunior
920 358 1049 440 opinio;

226 441 292 502 hinc
311 439 401 502 etiam
424 437 523 513 nervi,
550 433 602 511 qui
629 430 751 498 alierum
770 453 914 500 sensuum
935 443 1046 515 praeci.

225 542 280 597 pua
304 538 409 596 organa
427 517 632 591 constituunt,
653 511 831 578 emedullnri
853 517 966 584 cerebri
974 520 1043 584 sub·

219 600 336 664 stantia
357 599 436 670 otti,
462 611 533 660 suut
552 592 731 671 mollissimi,
759 591 810 658 ubi
839 597 900 660 suis
921 597 1043 664 involu-

223 682 279 744 cris
302 676 583 754 nudentur3peque
604 691 703 736 tamen
725 693 741 736 a
761 690 901 740 sensuum
921 682 1042 756 organis

135 771 136 778 ’
225 756 418 824 exeluduntur
440 757 477 818 nb
505 755 573 832 ipsis
600 751 790 818 adversariis.
820 756 922 822 Habet
943 759 1039 824 etiam

222 841 316 905 retina
337 857 402 902 rues
421 833 524 912 librare
553 851 621 909 quen
641 851 695 910 ope
722 833 902 910 aqum-fiunt
921 841 1039 918 compi.

221 937 305 997 cuae,
325 918 369 982 uti
389 912 554 993 peritissimi
574 911 743 983 Anatnmici
762 929 922 981 testentur.

268 1007 358 1073 uel.-
374 995 424 1064 Ad
445 1021 473 1068 e·
492 989 609 1060 Nedum
626 993 744 1072 retina,·
762 993 810 1058 sed
829 991 862 1058 ὅ(
877 996 1039 1064 chornides

227 1077 352 1144 vasculis
370 1074 517 1153 abundem
544 1073 574 1136 hi
596 1089 696 1138 temen
725 1073 828 1140 ramuli
846 1072 1037 1144 vasculorum

227 1155 404 1225 insensibiles
430 1172 526 1232 sunt,
566 1151 696 1232 adeoque
727 1171 874 1230 nequeunt
900 1155 1038 1232 imaginis

226 1237 365 1318 ptumam
395 1236 536 1302 turbare:
565 1234 654 1297 sicmi
690 1233 878 1300 tenuissimus
909 1234 1036 1312 capillus

230 1315 353 1398 speculo
378 1317 530 1382 adhaerens
560 1313 716 1390 imaginem
743 1333 803 1380 uon
831 1316 1035 1395 interrumpit.

226 1398 330 1478 Adde,
348 1395 474 1462 oculum
486 1396 515 1458 in
537 1392 614 1460 idern
634 1393 882 1473 objectipunrlum
902 1395 952 1459 diu
977 1420 1034 1462 non

227 1478 293 1555 figi,
321 1477 372 1544 sed
400 1474 513 1552 ingenti
532 1473 686 1538 celeritate
709 1474 822 1560 singula
842 1474 944 1556 objecti
965 1499 1037 1556 pun-

226 1558 270 1623 ela
292 1576 475 1635 percurrere,
502 1552 578 1620 unde
598 1552 660 1631 fit,
688 1557 790 1632 utqui
811 1555 884 1621 lucis
904 1555 975 1622 radii
1004 1561 1033 1621 in

226 1636 406 1702 vasculorum
434 1653 530 1698 remus
556 1632 686 1712 cedunt,
710 1635 873 1714 citissime,
899 1637 937 1700 ob
957 1638 1035 1704 oculi

121 1732 127 1745 '
223 1735 337 1783 mutum
364 1717 396 1782 in
423 1713 494 1780 alies
520 1715 624 1780 retinae
658 1730 755 1792 partes
770 1716 890 1786 ‚risioni
917 1716 1037 1784 idonens

226 1801 375 1864 incurrant
386 1815 397 1876 ς
409 1798 514 1871 ¹sicque
534 1792 630 1856 nullus
645 1793 769 1858 hebetur
787 1795 925 1860 sensibilis
946 1799 1035 1862 visin·

227 1882 271 1942 nis
280 1874 424 1943 desellus.
444 1881 607 1952 Ceterum,
626 1874 651 1938 si
670 1873 853 1953 ineliquibus
868 1877 1034 1942 hominibus

225 1961 256 2024 hi
276 1957 379 2024 ramuli
405 1954 516 2022 suerint
547 1953 725 2039 erassiures.
742 1955 860 2043 :oppda
892 1957 1034 2022 videbunt

227 2037 392 2120 perforata:
420 2054 512 2114 atque
532 2037 617 2115 hujus
633 2036 748 2112 ,generis
768 2037 897 2104 homiues
920 2059 952 2104 se
981 2057 1032 2106 cu·

226 2122 359 2201 grunnisse
378 2133 506 2182 testetur
525 2112 670 2188 Borellus.

270 2225 356 2275 ripn.
375 2203 450 2276 opp.
472 2220 498 2273 3.
521 2193 681 2262 Choroides
704 2213 756 2262 est
774 2199 869 2278 aptior
889 2197 925 2264 erl
945 2199 1030 2264 visiu-

226 2299 310 2358 nem,
337 2279 564 2354 qunmretinnr
588 2297 656 2338 nam
685 2273 873 2344 refertissima
900 2299 947 2346 est
969 2301 1032 2346 ner-

226 2361 288 2422 veis
308 2356 435 2436 pupillis:
462 2369 511 2422 est
531 2357 629 2434 nigre,
658 2353 785 2434 adeoque
804 2359 841 2420 nd
864 2359 960 2424 lucem
976 2361 1031 2447 nb·

226 2435 393 2510 sorbendum
422 2433 541 2503 idonea.
572 2433 704 2500 Tandem
730 2435 834 2514 pupilla
862 2440 893 2502 in
924 2458 1029 2516 magne

197 2553 200 2560 .
227 2520 291 2585 luce
309 2515 488 2599 poerllnrur:
507 2533 540 2580 at
560 2517 609 2580 iris
630 2517 1029 2599 estcoutinunriuchornidis5

226 2601 276 2664 lux
295 2620 364 2676 ergo
383 2599 412 2663 in
433 2593 599 2664 chornidem
624 2597 704 2677 agit,
733 2598 795 2664 sive
814 2599 967 2666 churoides
981 2619 1037 2666 est.

225 2681 375 2760 purissime
397 2679 474 2744 uisus
494 2698 575 2754 pers.
658 2693 661 2698 ·

267 2781 351 2822 ηοω.
372 2761 546 2826 R.Nervsae
566 2754 707 2824 themidis
715 2756 829 2837 papillae
849 2755 952 2822 nullam
973 2761 1026 2824 lun·

224 2841 293 2902 lr'enr
313 2836 511 2904 immediatum
529 2825 1031 2914 cumrereluocommunimtionem

224 2929 282 2995 (n.
303 2940 380 2994 1190
393 2915 418 2992 l:
447 2930 573 2996 suntque
602 2925 789 3000 propteree³a
810 2920 927 2986 minima
943 2920 1031 2998 spiri-⁴

223 3017 310 3068 tuum
328 2997 496 3070 animalium
516 3001 599 3078 copis
628 3002 776 3080 irrigntaee
805 3001 874 3064 hinc-
898 2999 968 3064 liret
988 2995 1034 3067 sit.

224 3081 304 3158 nigro
323 3081 471 3160 pigmento
490 3078 564 3144 illita
583 3081 749 3159 menoides,
771 3101 828 3142 non
846 3081 903 3144 erit
927 3079 1028 3144 idonee

220 3163 260 3230 ud
288 3177 386 3226 motus
415 3159 538 3225 cerebro
559 3159 814 3226 communicandos
850 3180 887 3225 en
915 3158 1026 3224 defertu

222 3242 398 3319 spirituum,
414 3235 448 3302 ἀ
460 3239 948 3306 communicationiscumcerebro.
969 3239 1025 3302 nd-

222 3321 276 3399 de,
297 3316 440 3384 chornidis
460 3316 636 3394 nigredinem
657 3343 714 3384 nou
735 3321 832 3384 haberi
852 3323 881 3384 in
898 3320 1025 3385 omnibus

222 3400 434 3476 sumentibus,
454 3417 574 3477 esseque
594 3399 939 3479 chornidiextrinsecnm,
961 3421 1024 3464 cum

221 3501 259 3546 er
280 3478 340 3543 sola
360 3479 515 3556 digitorum
525 3476 730 3555 perfricarinne
751 3478 902 3559 deleatur,
923 3478 1026 3547 intulit

222 3574 360 3624 manente
378 3556 519 3623 chernitis
538 3557 697 3626 stenelum.

506 3651 509 3694 l
903 3665 990 3710 1201·
1050 3709 1054 3722 ,

1049 3739 1053 3764 r
