2174 4084
259 193 390 275 Physica
410 192 629 264 Particularis..
766 208 821 271 199

13 265 16 332 l
60 276 144 358 patto
163 279 316 356 repetenda
335 282 404 356 sit;
432 282 489 342 erit
520 276 648 356 protecto
676 271 861 342 adscribenda

12 371 15 412 ι
60 361 168 424 vitibus
197 356 427 436 repellentibus,
456 378 523 436 quae
550 377 570 422 e
596 353 747 436 superficie
775 351 864 420 refle-

12 455 13 480 ι
49 438 157 504 ilente
175 439 379 516 egrediuntur.
400 445 496 524 Quam
507 459 590 514 porro
609 437 715 501 absona
737 437 779 500 sit
798 456 864 498 sens

61 521 155 584 tentia
175 519 299 596 isthaec,
318 517 360 582 sic
380 517 697 587 brevitetdetuonstro.
716 519 796 585 Cum
816 537 863 582 ra·
956 554 959 560 ·

57 601 99 664 dii
131 600 203 664 lueis
224 621 241 663 ιι
262 599 363 662 rariori
392 599 421 661 in
441 599 556 664 densius
590 603 717 666 medium
747 601 862 677 oblique

61 694 245 757 penetrant,
273 674 477 754 refranguntur
504 679 539 741 ad
568 679 863 756 perpendicularem,

61 757 148 836 idque
169 757 203 822 fit
224 759 495 836 perNeuttonienos
515 759 551 821 ob
573 761 714 823 uirtutem
733 758 863 826 attradli·

51 857 160 916 ¹tram,
186 857 205 900 e
223 835 373 916 superficie
393 834 543 904 refrauiva
563 857 738 914 regressam,
759 856 795 903 ut
813 861 865 916 po-

63 935 127 984 stea
146 916 295 983 dicemus.
321 917 434 983 lucidae
459 939 535 981 nunc
558 918 674 996 oblique
691 939 728 982 ex
749 921 865 982 nereio

64 1019 168 1075 aquam
190 997 262 1064 lucis
282 997 481 1078 radinsspars
494 1000 537 1062 ub
555 1019 639 1075 aquae
660 996 810 1076 superficie
822 1015 868 1062 re·

60 1075 226 1158 bledletur3
252 1100 315 1155 pars
339 1099 410 1142 vero
437 1099 538 1156 aquam
559 1078 666 1142 subibit
684 1076 724 1140 ud
751 1097 869 1154 perpen-
904 1121 909 1130 ·

33 1149 227 1222 “dicularem
251 1155 386 1237 refradla;
409 1157 533 1223 reflexio
553 1177 599 1224 est
619 1180 636 1221 a
657 1159 686 1220 vi
706 1156 869 1233 repulsiva,

65 1235 200 1302 reirailio
219 1240 287 1301 a'vi
316 1235 470 1304 at‘trattiva
487 1260 496 1319 3
524 1240 651 1318 cingitur
679 1259 749 1316 ergo
768 1234 870 1300 eadem

65 1339 140 1394 aqua
160 1322 353 1396 atmosphaera
373 1319 644 1398 simulrepellente,
664 1316 699 1384 dt
720 1320 870 1382 attrahen-

70 1413 119 1460 te.
139 1401 252 1481 Quaeto
270 1407 385 1463 autem:
416 1419 485 1464 num
505 1404 553 1464 hae
570 1401 666 1464 nmbae
688 1399 765 1463 vires
784 1395 871 1478 simul

63 1479 334 1556 commisceantur,
360 1501 415 1546 nec
436 1499 499 1544 ne:
526 1500 598 1544 num
624 1477 752 1558 aequales
780 1477 872 1553 sint,

63 1555 112 1620 vel
132 1556 315 1638 inequalem
343 1561 367 1623 si
388 1562 630 1640 commiscentur,
663 1575 785 1638 exurget
813 1573 873 1620 tet-

65 1638 163 1704 tiauis
183 1638 546 1720 interutraurquemedi23
569 1645 592 1706 si
614 1638 873 1714 noncotnnriscen·

65 1733 138 1795 tur,
156 1717 223 1782 alte
242 1737 330 1784 erunt
351 1743 434 1797 aquae
455 1742 552 1800 partes
572 1719 777 1800 attrahentes,
806 1715 874 1781 sliae

68 1795 271 1874 repellentes.
297 1802 323 1861 si
346 1804 392 1862 bae
414 1802 488 1864 binae
511 1805 584 1866 uires
605 1802 730 1875 aequales
781 1800 874 1876 sint‘,

68 1878 297 1954 extinguentur,
318 1879 761 1956 nullumquedabuntaffedlum,
783 1880 807 1938 si
816 1879 874 1940 inae

73 1956 174 2032 quales
196 1953 327 2035 fuerint,
355 1957 523 2034 prevalebis
543 1960 652 2035 major,
673 1977 739 2033 quae
760 1955 820 2018 sola
841 1957 871 2018 in

65 2039 164 2101 luceru
174 2052 253 2113 aget.
278 2037 353 2103 ltem
374 2037 504 2101 uaevires
526 2037 687 2114 oppositae,
707 2057 773 2099 curn
782 2031 876 2098 radius

66 2119 212 2192 inaquam
234 2114 348 2192 oblique
367 2116 487 2195 incidit,
507 2131 599 2193 agunt
620 2115 732 2192 ambae;
749 2133 877 2178 cumve-

67 2215 104 2261 ro
126 2195 220 2258 radius
240 2195 623 2274 cadttperpendiculatiter,
645 2194 705 2258 sola
725 2197 877 2259 attrahens

70 2275 150 2352 agit,
170 2297 238 2340 cum
257 2292 341 2340 totus
370 2275 465 2339 radius
489 2297 592 2356 aquam
614 2291 765 2354 penetret.
786 2275 814 2338 Si
836 2272 880 2336 di·

68 2377 119 2422 cas
140 2375 207 2420 cum
228 2358 388 2420 Nevutono
416 2356 540 2421 eandem
559 2377 625 2420 esse
643 2355 730 2436 vim,
757 2375 825 2432 quae
844 2351 879 2420 dt

68 2435 170 2499 lumen
188 2432 332 2513 resseilit,
355 2435 388 2500 δι
410 2435 506 2499 lumen
527 2434 667 2514 refrangit
688 2457 740 2513 pro
759 2433 879 2500 diversis

68 2516 299 2580 circumstantiis
318 2535 328 2594 3
356 2518 413 2593 jam
434 2516 527 2582 eidem
553 2517 580 2580 vi
600 2517 746 2593 oppositos
776 2515 880 2598 tribuis

69 2591 208 2672 effecius,
227 2597 364 2673 quonilril
389 2597 558 2664 absurdius.
575 2598 671 2660 Satius
691 2615 760 2672 ergo
780 2595 880 2660 dicen-

69 2675 160 2753 dum,
180 2673 278 2740 lumen
297 2673 621 2753 reflectiextmpauuin
641 2693 738 2752 partes
758 2673 880 2752 solidas,

69 2773 284 2907 gugnmnaturae
303 2758 446 2840 mysteria,
458 2755 595 2838 effingere
617 2754 676 2822 sola
698 2755 881 2823 novitatisli·

95 2861 103 2902 ι
125 2857 188 2902 me.

271 2915 436 2982 radiantur
453 2918 676 2985 Netmtoniani.
727 3001 729 3008 y

115 3083 284 3154 1278.0pp.
308 3103 334 3140 ι.
354 3080 537 3141 Nevtonus.
558 3079 587 3140 Si
606 3076 677 3140 radii
699 3040 881 3153 luminIssre-

71 3153 266 3220 timerentur
282 3155 451 3234 eximpattu
471 3157 502 3220 iu
523 3154 627 3220 solidas
648 3178 800 3236 corporum
822 3177 883 3234 par-

72 3252 147 3308 tes,
176 3231 350 3298 reflexiones
370 3255 472 3299 eorum
492 3257 509 3300 a
532 3235 629 3313 politis
662 3257 817 3315 corporum
837 3255 886 3300 su-

75 3311 311 3396 perficiebusuon
331 3333 451 3391 possent
469 3335 535 3380 esse
552 3332 785 3396 tamaccutatae,
807 3331 885 3380 tam·

73 3415 134 3476 que
151 3393 188 3459 ad
208 3411 321 3459 certam
340 3415 473 3460 nonnam
491 3394 645 3542 direlitefi
669 3417 754 3474 quam
787 3417 886 3474 reapse

76 3493 167 3546 suut.
187 3475 336 3556 Etenim,
364 3492 516 3624 utcunque
542 3497 626 3554 super

477 3583 498 3632 t
545 3576 547 3580 ’
780 3579 849 3626 cum

648 3478 708 3546 cies
728 3477 887 3560 poliatur,
981 3519 983 3523 -
