2152 4078
250 262 252 272 ’
284 271 321 334 pp
573 241 726 314 Elementa
970 319 974 326 ¹

241 349 333 420 tobi,
353 355 438 418 quam
458 329 613 412 quadrata,
635 329 741 424 jamin
763 331 979 406 retrocessione
999 319 1047 420 ρὲς

245 427 367 492 eandem
388 417 492 483 seriem
514 413 603 490 magis
625 411 836 472 imminuentur
855 413 942 500 cubi,
963 441 1048 496 quam

241 505 385 585 quadrata
407 515 416 576 ;
444 497 511 560 hinc
531 491 648 558 evidens
669 487 703 552 lit
725 489 753 550 in
775 485 925 562 solutione
945 499 1049 566 salina.

158 620 160 626 s
245 609 310 652 rum
331 575 541 663 particularum
563 573 652 650 magis
672 570 839 633 decrescere
860 573 1046 660 soliditates⁴

244 673 306 732 slve
326 681 450 739 massas,
478 657 579 736 quibus
602 653 728 731 gravitas
749 651 903 730 respondet
923 659 938 733 (
959 657 1045 740 Phys,

244 755 317 812 Gen.
334 765 362 808 a
382 751 438 812 482
458 737 488 816 l,
509 757 598 814 quarn
617 733 988 820 decrescanrsupeeficres,
1009 742 1046 804 si.

244 852 281 894 ve
307 823 481 900 uoluminaq,
511 821 598 897 igitur
618 837 653 880 ex
673 813 819 876 solutione
839 818 1042 893 particularum

224 903 399 973 'salinarum
419 901 481 965 lieri
501 915 617 979 potest,
640 911 675 959 ut
699 892 825 990 evadant
847 897 892 960 vel
913 897 1043 978 leviores,

243 985 293 1053 vel
313 1005 395 1064 aeque
414 1001 515 1060 graues
530 1000 601 1044 cum
622 995 712 1054 aqua.
733 976 796 1040 Nrsi
821 979 876 1040 hoe
897 980 1044 1061 admittas,

241 1087 313 1148 cur,
335 1064 455 1142 amabo,
475 1081 551 1140 aqua
570 1057 678 1135 dulcis,
701 1057 903 1134 ac'purissima
925 1059 960 1123 lit
981 1078 1044 1126 tota

245 1149 341 1227 salsa,
360 1145 409 1209 ubi
427 1141 472 1206 sal
493 1142 545 1220 ipsi
567 1136 759 1204 infundatur?
872 1149 877 1160 ’
912 1157 915 1164 ’
965 1187 966 1191 ,
992 1153 998 1160 ·

285 1224 501 1306 molestabis:
522 1223 576 1286 sie
592 1219 695 1283 solutis
712 1217 782 1280 salis
803 1219 919 1303 mineris
940 1219 1043 1286 infun·

240 1310 280 1374 do
300 1307 385 1370 maris
405 1302 574 1380 degentibus
593 1299 627 1364 fit
647 1297 720 1362 salsa
741 1297 851 1366 marina
864 1321 966 1378 ,aqua‚
993 1321 1043 1367 cur

242 1392 272 1455 in
293 1385 384 1452 fundo
403 1384 490 1447 maris
509 1379 679 1460 quandoque
698 1401 773 1456 aqua
793 1377 869 1444 dulei
901 1430 911 1460 ‚
942 1379 976 1445 ἀ
997 1403 1043 1460 po-

242 1467 338 1550 tabilis
358 1482 423 1544 est,
446 1464 533 1527 sicuti
542 1461 709 1524 Urinatores
732 1463 762 1523 in
781 1461 846 1522 'sinn
867 1399 1045 1537 dersico'fre·

241 1565 366 1628 quenter
382 1545 497 1623 experti
514 1559 602 1621 sunt,
618 1539 698 1606 unde
715 1539 883 1606 vasadulci
904 1543 1044 1624 aqunple

243 1652 278 1692 rra
299 1626 489 1692 detulerunt?
654 1654 656 1658 v
937 1661 938 1666 κ

278 1719 350 1786 ἐμ..
371 1707 411 1772 R.
441 1704 524 1768 Plura
543 1699 666 1769 flemina
695 1701 787 1768 duleis
806 1723 890 1781 aque
921 1703 1043 1768 emeris

240 1785 492 1864 fundoemergunt
511 1783 744 1864 multoimpetu,
766 1803 823 1864 quo
846 1784 1043 1862 marisaquam

239 1891 257 1936 e
278 1869 342 1934 loco
352 1865 472 2014 ¹pellunt
493 1887 544 1947 per
565 1867 678 1944 aliquot
698 1865 813 1946 leucas,
832 1866 869 1928 ibi
891 1883 1043 1944 propterea

239 1949 331 2015 dulcis
380 1947 483 2012 uvialis
504 1969 578 2026 aqua
597 1948 779 2012 extrahitur.

265 2043 350 2114 ¹872.
372 2035 444 2108 opp.
457 2053 482 2105 3.
504 2029 632 2094 Minerae
654 2028 740 2106 salis,
760 2047 826 2105 quae
846 2041 915 2090 sunt
938 2023 1043 2090 infun·

233 2110 406 2190 damaris,
427 2131 607 2188 nequaquam
629 2105 777 2173 sufficiunt
796 2107 831 2170 ed
853 2107 1042 2169 rotammari·

234 2213 306 2256 rranr
325 2212 431 2268 aquam
451 2191 595 2270 salsugine
616 2187 812 2266 inficiendam3
833 2185 977 2263 siquidem
1000 2184 1041 2248 sal

231 2274 283 2335 esd
303 2293 365 2349 pars
385 2271 446 2354 -2-3·
464 2273 584 2337 rnarinae
604 2271 720 2346 aquae(
751 2287 778 2332 n.
800 2277 853 2328 lor
885 2267 910 2341 it
934 2263 1041 2330 fodinae

236 2367 336 2416 autern
358 2357 426 2420 salis
454 2351 596 2416 infundo
624 2350 709 2410 maris
727 2347 886 2408 existentes
917 2367 956 2410 ne
977 2345 1038 2408 mil·

237 2433 366 2496 lesimarn
394 2433 508 2514 quidem
530 2429 689 2508 superficiei
717 2424 802 2488 maris
831 2441 947 2502 partem
968 2425 1042 2488 adse·

236 2533 347 2594 quant,
366 2537 434 2579 cum
456 2510 654 2575 fundusmaris
674 2503 801 2586 eiusdem
810 2523 883 2582 pene
905 2523 1041 2582 naturae,

234 2591 269 2660 dt
289 2595 445 2661 etrudlurae
463 2593 578 2656 dicatur
605 2609 672 2654 curn
697 2585 826 2652 terrestri
845 2587 1041 2663 continente,

232 2675 316 2754 euius
335 2694 381 2738 est
400 2674 601 2739 continuatio.
624 2666 707 2734 Adde
723 2665 784 2732 fere
804 2667 976 2730 immensam
997 2687 1039 2729 sa-

235 2753 268 2814 lis
288 2755 425 2830 copiame
445 2753 562 2818 marinis
581 2750 789 2828 aquis'jugiter
804 2747 917 2810 extrahi
941 2747 980 2810 ad
990 2751 1042 2809 hu-

214 2853 334 2894 manos
356 2855 443 2914 usus,
464 2853 551 2910 quam
572 2833 621 2897 six
641 2829 820 2909 suppeditare
841 2844 963 2905 possent
987 2829 1041 2892 mi-

233 2931 310 2974 nerae
331 2911 408 2977 alvei
428 2913 548 2978 marini.
790 2974 794 2979 ,

274 2999 341 3069 873.
363 2997 403 3058 R.
427 2997 505 3060 Rern
525 2992 723 3074 perridicularn
744 3005 894 3066 tentaret,
923 2990 974 3066 qui
997 3009 1042 3052 sa-

230 3067 267 3133 lis
289 3069 422 3152 fodinas,
444 3095 511 3153 quae
530 3075 616 3139 m'odo
636 3093 706 3140 sunt
727 3073 755 3136 in
777 3073 867 3149 mari,
888 3070 936 3132 uel
960 3071 998 3134 ab
1016 3071 1042 3132 i-

232 3153 310 3218 nitio
330 3139 476 3235 inerunt,
505 3157 535 3218 in
555 3157 697 3224 calculum
727 3151 789 3218 redi
806 3171 854 3215 ere
882 3169 1041 3228 praesume·

193 3281 195 3287 ,
231 3251 294 3296 ret.
316 3237 418 3302 Sintta
451 3257 487 3300 en
508 3241 555 3300 hae
575 3235 682 3301 fodinae
703 3235 767 3300 insu
819 3233 911 3296 lentes
930 3230 1040 3294 adma-

230 3313 269 3378 ris
277 3337 382 3394 aquam
403 3259 762 3396 sdlsugineinliciendam:
781 3331 870 3389 atque
890 3309 926 3373 ad
948 3311 1040 3374 salem

230 3397 258 3458 in
281 3401 424 3464 humanos
453 3420 521 3462 usus
563 3400 755 3462 necessarium
796 3389 1042 3470 suppeditandum

229 3482 426 3571 (quamquam
446 3479 641 3555 multomagis
662 3472 850 3551 suetonii,
868 3491 956 3549 quam
978 3491 1040 3534 ma-

230 3579 291 3622 nno
313 3559 479 3641 utamur).
509 3565 617 3627 Annon
641 3559 671 3622 in
691 3576 770 3624 mare
789 3551 911 3620 uomina
939 3554 1042 3645 omnia

958 3654 1005 3714 Ju-
