2190 4080
270 243 328 296 ἰω
479 281 482 288 .
592 221 746 290 Elementa
831 235 838 298 ᾗ
1025 297 1030 302 ,

162 351 166 358 -
199 364 203 374 f
233 333 286 376 nes
312 300 407 370 eundo
436 305 575 386 proximas
610 307 683 368 aeris
721 299 876 378 particulas
907 316 1049 383 urgent,

232 409 266 454 ac
295 383 422 463 urgendo
449 385 642 464 comprimunt
661 379 733 462 „dc
761 383 942 471 condeoaant
966 397 1051 465 ,te-

228 466 341 532 deundo
362 464 481 528 liberum
503 466 629 543 spatium
651 463 837 541 relinquunt,
859 464 888 525 in
919 485 983 541 quo
1007 465 1050 527 di·

229 547 313 610 latari
333 547 445 622 possint
464 563 648 622 compresse
667 545 739 608 aeris
770 541 945 626 particulae,
975 547 1047 618 hine

229 628 302 690 aeris
332 625 485 700 particulae
515 645 620 690 sonoro
649 625 760 700 corpori
788 625 938 711 coratiguae,
956 674 969 703 ,
1000 635 1049 690 ut·

205 723 297 784 *pote
329 706 495 782 electione,
529 707 655 783 proprias
691 704 825 770 similiter
867 705 1056 770 vibrationes*

226 785 355 860 eundo,
387 809 420 848 ae
449 785 595 850 redeundo
623 783 802 862 absolvunt,
831 785 963 864 adeoque
992 785 1042 850 sibi

230 885 349 942 quoque
369 867 488 930 uicinas
519 865 615 930 eundo
639 865 823 944 impellunt,
853 866 886 928 dc
914 867 1044 943 compri-

227 962 337 1009 munt:
366 945 513 1010 redeundo
540 969 555 1010 a
584 945 975 1022 compressiontlibetant,
1012 944 1047 1010 dl

226 1027 373 1106 epatium,
395 1049 453 1102 quo
475 1027 660 1104 relaxentur,
683 1026 865 1104 relinquunt3
885 1021 963 1088 unde
985 1029 1042 1094 lrae

175 1155 179 1161 .
226 1125 344 1182 quoque
363 1107 514 1186 particulae
536 1106 639 1172 eodem
661 1105 741 1185 nano
759 1103 912 1180 oscillondo
933 1103 1046 1186 ibunt,

230 1185 445 1266 redibantque,
466 1191 577 1254 vicinas
599 1189 704 1254 iterum
727 1185 871 1264 urgendo,
896 1181 929 1249 dt
954 1185 986 1248 in
1009 1207 1039 1248 o

227 1265 406 1342 stillationea,
435 1267 543 1348 agendo
572 1286 661 1344 usque
688 1266 725 1331 ad
752 1265 897 1332 audientis
925 1279 1013 1329 aures
1030 1282 1066 1341 ,²

227 1346 265 1410 acl
286 1369 376 1428 quas,
400 1351 448 1413 ubi
470 1351 669 1426 pervenerint,
692 1347 887 1410 oscillationes
908 1341 1035 1410 efficient

230 1431 263 1490 in
281 1429 422 1493 auditorio
445 1451 533 1493 nervo
553 1431 564 1506 (
585 1447 662 1490 num.
687 1450 758 1500 1⁴45
780 1423 808 1506 );
830 1445 846 1488 e
867 1425 976 1502 quibus
996 1447 1035 1490 so-

228 1510 258 1570 ni
279 1505 313 1568 in
332 1511 426 1572 anima
446 1509 573 1572 senentio
592 1507 722 1584 exurgit.
751 1507 860 1582 Negati
894 1525 966 1582 ergo
989 1519 1034 1568 ηε*

229 1588 295 1664 quit
316 1584 377 1649 soni
398 1589 630 1664 propagationem
651 1585 712 1648 fieri
741 1606 790 1662 per
818 1600 936 1649 motum
966 1577 1036 1649 aeria

226 1665 402 1743 tremulum,
424 1666 484 1728 sive
506 1679 555 1742 pet
581 1663 744 1730 celerrimas
772 1665 846 1730 aeris
875 1663 1033 1730 oscillatio-

224 1747 295 1823 nea,
317 1743 350 1808 dr
371 1737 592 1814 undulationea.

233 1865 236 1870 -
265 1839 352 1896 1460.
367 1874 386 1904 „
406 1825 556 1890 Scholion.
579 1827 680 1888 Potest
701 1823 792 1888 etiam
813 1837 900 1890 eornm
920 1825 1035 1904 patalia

223 1901 315 1970 fluida
337 1907 456 1970 ab‘aere
476 1905 588 1994 diuersa
609 1905 772 1984 propagari,
795 1906 842 1970 uti
870 1901 1035 1971 condocent

222 1988 439 2064 experinnnta3
468 1987 580 2050 etenim
601 1987 761 2049 urinatores
795 1985 848 2066 sub
873 1987 955 2064 ‚aquis
984 1985 1035 2052 de·

222 2068 472 2136 merai'tormen'ti
492 2061 588 2130 bellici
617 2065 797 2142 explosiones'
825 2065 1033 2147 audiunt,'&

221 2147 391 2225 campanula
415 2149 447 2210 in
476 2167 545 2214 vaae
573 2145 702 2226 inclusa,
724 2165 790 2222 quae
819 2165 947 2213 rotarum
976 2159 1031 2224 ope

222 2226 257 2290 ad
279 2248 390 2289 annum
418 2229 580 2304 excitetur,
602 2227 624 2290 si
646 2247 703 2290 nna
732 2237 800 2290 clam
830 2245 897 2292 vase
926 2231 957 2291 in
977 2227 1034 2290 alio

221 2307 344 2384 majori,
365 2307 393 2368 in
414 2327 474 2383 quo
493 2299 608 2386 st‘agnet
629 2325 719 2384 aqua,
750 2307 797 2372 vel
825 2311 998 2374 mercurium
1020 2345 1030 2385 ς

220 2385 410 2463 includatur,
434 2400 538 2452 sonum
556 2387 617 2452 edit
637 2386 801 2452 sensibilem
820 2397 898 2454 teste
918 2394 1032 2454 Grave·

221 2465 340 2530 sandio.
360 2471 436 2531 item
457 2485 629 2546 propagatur
648 2486 892 2544 campanaesonus
914 2487 1033 2550 percot-

158 2618 162 2625 ,
220 2567 290 2624 pora
312 2546 417 2611 solida:
440 2549 556 2612 namin
578 2549 858 2630 vitreoreeipiente,
879 2571 897 2615 e
917 2556 1031 2630 quonei

221 2629 342 2691 minime
361 2626 479 2707 edubius
500 2617 609 2707 fuerit,
629 2628 775 2711 collocata
794 2631 956 2696 sensibilem
976 2629 1028 2693 dat

221 2727 345 2783 tonum,
369 2710 418 2782 qui
440 2725 521 2770 certe
542 2709 577 2770 ab
598 2731 662 2773 aete
675 2710 799 2772 interno
819 2709 1026 2792 advitrum‚a

221 2785 300 2847 vitro
320 2785 355 2847 ad
367 2788 534 2850 externum
556 2792 652 2852 aerem
681 2787 865 2859 diffunditur.
893 2788 965 2854 idlus
996 2807 1026 2853 e·-

169 2938 173 2942 ,
220 2867 293 2929 tiam
315 2865 400 2928 unius
422 2865 511 2928 trabis
539 2871 722 2934 extremitati
750 2868 874 2933 inflitlns
898 2869 1027 2948 percipi·

166 2947 199 3006 fl
219 2965 270 3010 rur
289 2945 325 3008 ab
344 2967 414 3010 aure
446 2945 529 3010 alteri
558 2966 690 3014 extremo
718 2949 870 3026 applicatae
879 2981 891 3012 ·.
921 2947 1023 3014 Simili·

219 3046 284 3106 ter,
307 3027 330 3090 si
351 3029 416 3106 qais
437 3049 520 3092 aures
538 3026 693 3106 diligenter
713 3030 850 3108 obturet5
883 3031 959 3097 circa
984 3030 1026 3094 di-

200 3110 296 3185 ¹gitos
317 3126 418 3172 autem
439 3108 697 3176 volutamhabeat
718 3109 873 3190 chordam,
902 3133 939 3178 ex
970 3131 1025 3189 qua

218 3190 428 3254 tintinabulum
451 3189 590 3270 pendeat,
614 3211 747 3269 percusso
777 3191 955 3256 tintinabulo
984 3213 1029 3254 so-

217 3290 288 3334 num
309 3272 472 3350 percipiet,
492 3290 575 3344 certe
594 3291 631 3342 err
653 3291 798 3350 tremore,
821 3275 873 3348 qui
904 3295 955 3353 pet
982 3269 1027 3336 fu-

205 3367 304 3430 nem,
326 3349 358 3415 dc
380 3371 499 3417 manum
519 3349 555 3416 ad
576 3360 663 3418 auree
690 3351 923 3418 transfunditur.
951 3352 1027 3418 Tan-

166 3467 170 3475 -
213 3430 301 3510 dem,
323 3432 346 3494 si
369 3432 399 3494 in
423 3454 514 3498 vacuo
535 3433 693 3511 recipiente
723 3431 885 3498 collocetur
910 3453 1026 3574 campa·

917 3533 983 3578 nun
