2190 4080
115 313 117 316 ,
182 255 184 260 ’
284 245 414 326 Pbpsit'ur
435 248 650 316 particularis.
783 271 837 330 263

60 327 130 394 nula
151 325 292 392 adnexum
302 332 409 424 habens
427 329 508 426 filum
526 353 660 428 aeneum,
682 335 869 414 cujusunum

5 467 8 498 ,ι
60 429 224 475 extremum
244 428 326 474 extra
347 429 486 486 recipiens
514 431 693 490 porrigatur,
719 435 869 493 campanus
914 485 919 499 .

5 385 8 438 l

5 503 8 598 l

5 631 9 688 r

5 705 7 760 l

59 511 148 555 sonus
170 482 305 566 auditur,
325 491 466 568 praecipue
487 494 532 560 ubi
552 495 631 560 auris
651 515 736 560 aeneo
755 494 803 560 llo
821 517 871 572 ap·

60 571 203 652 plicetur,
225 568 327 642 eodem
348 572 547 636 Gravesantio
569 593 665 644 toste.
684 581 790 640 Potest
804 597 873 653 ergo

59 671 170 728 sonus,
191 649 260 714 licet
282 647 377 720 multo
408 647 583 733 languidius,
606 676 657 730 pet
684 653 774 726 solida
805 679 873 733 pto·

61 730 179 812 pagati,
200 745 252 792 aut
273 749 325 806 per
346 727 436 816 fluida
456 731 492 794 ab
513 753 579 798 aere
606 733 742 818 diverstt3
768 758 869 814 quam.

60 813 107 875 vis
129 811 158 872 in
184 810 336 879 bisetium
359 811 471 875 casibus
492 806 616 877 fortasse
638 819 872 894 praecipuumsm

62 893 94 956 ni
118 887 282 952 vehiculum
302 890 341 952 sit
361 910 432 968 uer,
450 892 499 967 qui
520 893 874 973 omniumcorporumpo·'

5 965 7 1024 ἶ
61 987 264 1130 ἒιέἒρῗηᾶτπειι
275 1019 285 1050 ,
306 971 400 1047 iisque
419 972 635 1050 copiosissimus
653 995 683 1040 se
703 976 807 1054 ingerit
820 985 867 1055 lo.

5 1927 7 1966 ²
65 1951 171 2009 aquam
190 1933 226 1994 ab
245 1932 327 2010 omni
347 1951 415 1994 aete
442 1931 584 1998 liberare:
613 1933 722 1998 etenim
752 1947 873 1996 constat
958 1928 967 1936 ”

194 1287 359 1358 uoluuntur
378 1291 528 1361 contrariu
546 1305 741 1373 argumenta.
767 1365 771 1377 .

106 1463 191 1522 1461.
211 1456 285 1529 Opp.
309 1451 542 1522 1.Conststab
569 1452 771 1532 experimento
799 1452 871 1515 Nol·

60 1529 114 1598 leti
136 1553 186 1609 per
205 1553 310 1608 aquarn
330 1533 409 1602 omni
431 1553 498 1599 aere
518 1553 669 1611 purgatum
691 1554 794 1601 sonum
810 1554 874 1609 pro-

61 1615 173 1692 pagari:
195 1610 245 1682 sed
265 1632 340 1688 aqua
363 1629 467 1690 utpote
488 1611 741 1694 incompressibilis
764 1617 871 1691 (num.

62 1692 153 1766 640)
183 1714 238 1756 non
269 1710 365 1770 potest
397 1712 552 1760 tremorem
579 1697 751 1774 concipere,
779 1689 813 1758 dt
842 1693 872 1756 in

60 1771 255 1836 oscillationes
284 1775 346 1849 agi,
374 1795 442 1849 ergo
470 1771 529 1838 dcc.
557 1780 661 1854 Neque
687 1777 765 1839 enim
795 1794 874 1844 asse·

62 1854 87 1916 ri
107 1867 223 1927 potest,
246 1849 363 1916 difficile
391 1873 478 1926 esse,
507 1873 541 1914 ac
572 1853 663 1924 ferme
695 1853 871 1930 impossibile

62 2034 100 2079 ex
127 2010 229 2096 eodem
257 2029 408 2088 expertore
438 2033 543 2088 aquarn
563 2034 665 2088 magna
685 2013 759 2077 aeris
789 2029 872 2089 parte

63 2092 212 2155 liberatam
233 2092 357 2156 eundem
379 2091 535 2155 reddidisse
556 2115 670 2170 sonum,
692 2093 741 2168 qui
762 2113 812 2170 pet
833 2111 874 2154 aee

65 2171 181 2250 qualem
202 2193 286 2248 aquae.
305 2173 467 2241 communis
489 2173 688 2248 quantitatem
700 2171 873 2248 propagaba-

64 2272 132 2328 tur,
151 2271 190 2316 ex
211 2274 269 2328 quo
289 2249 414 2320 infertur
433 2273 529 2320 aerem
559 2252 629 2316 nihil
657 2255 775 2316 omnino
805 2273 875 2315 con·

64 2329 142 2398 ferre
161 2331 198 2396 ad
217 2335 278 2398 soni
302 2335 538 2411 propagationem
558 2353 609 2412 per
630 2355 752 2412 squam.

108 2427 194 2485 1462.
226 2416 265 2480 R.
293 2420 357 2497 Jam
386 2412 452 2481 alibi
474 2412 654 2478 ostendimus
674 2430 778 2490 aquarn
812 2433 870 2476 non

5 2545 6 2550 ,
64 2514 127 2572 esse
147 2514 261 2570 prorsus
281 2492 553 2570 incompressibilem
576 2498 633 2575 (n.
655 2509 708 2568 641
731 2491 760 2566 ).
790 2494 819 2557 Si
839 2489 875 2554 li«

5 2577 9 2600 ⁸
65 2576 114 2638 bet
144 2591 268 2652 tamen,
297 2572 549 2652 incompressibilis
577 2577 698 2639 omnino
724 2573 837 2637 dicatur
852 2587 872 2665 j

65 2654 130 2718 inde
152 2670 268 2718 tantum
289 2673 447 2736 sequetur,
470 2675 575 2732 aquam
596 2653 631 2718 ad
661 2655 756 2717 minus
783 2673 899 2716 sensi·-

64 2734 121 2800 bile
144 2734 279 2800 volumen
301 2735 388 2815 redigi
413 2737 592 2813 nequaquam
613 2753 716 2814 posse3
738 2736 793 2798 hot
809 2741 813 2749 '
828 2751 899 2807 τεν,

64 2837 132 2882 men
153 2837 211 2879 non
232 2817 391 2896 obstante,
412 2839 470 2880 non
490 2817 599 2881 erodet
617 2838 694 2893 aqua
717 2815 807 2892 impar
834 2810 872 2876 ad

5 2907 8 2920 '
63 2895 128 2959 soni
158 2900 421 2976 propagationem,
452 2919 518 2962 cum
540 2913 679 2962 tremores
708 2895 743 2958 ad
770 2915 875 2958 sonum

5 2987 10 3018 ⁹
65 2978 217 3040 necessarii
240 3001 332 3055 oeque
360 2977 420 3044 sint¹
448 2978 615 3057 sensibiles,
652 2997 747 3052 neque
777 2993 874 3040 totum

5 3069 11 3132 ε’
65 3053 151 3120 timul
174 3077 297 3124 massam
318 3057 467 3134 afficiunt,
487 3057 536 3122 sed
550 3059 615 3122 sint
637 3074 781 3118 tremores
808 3074 871 3128 par-

5 3215 14 3263 l

5 3301 16 3344 l

5 3465 29 3508 l.

5 3545 17 3588 l·

64 3139 141 3200 tium
161 3137 335 3216 exiguarum,
355 3135 404 3216 qui
426 3139 531 3215 ubsque
552 3133 675 3202 sensibili
693 3153 777 3210 aquae
793 3153 874 3198 com·

64 3215 215 3296 pressione
236 3218 331 3282 haberi
355 3237 492 3296 possunt.
850 3291 858 3306 ·

110 3309 196 3372 14⁶3.
217 3301 291 3375 opp.
314 3321 344 3362 ις
363 3301 482 3377 Experti
503 3315 572 3362 sunt
594 3294 756 3376 Florentini
787 3293 873 3358 tintu-

67 3377 204 3443 nabulum
226 3378 256 3442 iu
286 3399 378 3444 vocuo
409 3381 569 3457 recipiente
597 3399 699 3442 sonum
731 3375 818 3441 edere
844 3393 877 3437 o-

65 3460 167 3526 mnino
188 3456 333 3537 equalem
353 3459 401 3542 ei,
420 3462 470 3536 qui
500 3461 656 3540 percipitur
676 3459 705 3524 in
727 3456 810 3552 pleps
833 3469 880 3520 to·

729 3555 837 3614 cupreo
