2190 4080
291 263 426 346 Physica
444 253 643 340 Particularia
654 315 666 333 ..
772 275 843 350 ἠς

2 454 6 458 ·
79 432 317 497 rkotostmo
345 432 403 490 tlt,
428 427 572 572 wlff
591 427 721 494 diuersis
741 454 761 495 a
780 453 887 498 sonoro

118 508 269 576 distantiis
290 510 433 574 minuitur
452 511 494 571 int
512 513 575 575 ario
594 512 659 578 soni
678 513 887 578 inrationein·

118 610 211 656 versu
229 591 380 674 duplicata
398 585 630 658 distantiarum

5 693 10 722 l

123 775 210 827 rapa.
229 747 397 815 Probatur.
422 747 521 811 Primo·
540 750 653 816 ratione
673 775 758 834 supra
778 755 889 822 indita-

1 857 2 860 *
82 849 133 912 ta,
154 834 200 896 ubi
221 830 258 894 de
280 830 458 894 intensitate
474 827 545 892 lucis
566 828 749 906 loqueremur
770 839 783 914 (
805 859 884 900 numi

87 927 161 990 o267
177 913 214 988 l.
244 910 363 976 Deinde
380 911 415 974 ab
434 911 633 985 experimento
655 914 812 994 Hauxbei,.
836 921 889 992 qui

84 995 114 1058 in
136 1015 202 1058 vase
222 989 423 1069 campanulam
445 988 551 1052 clausit
579 993 666 1056 certis
694 982 806 1074 demper
829 995 889 1060 iui-

86 1075 138 1138 bus
158 1073 400 1152 percutiendam
416 1087 479 1134 tum
502 1085 605 1132 notata
624 1075 796 1149 qtrantitate
813 1079 891 1140 aeris

86 1157 120 1220 iu
139 1175 205 1217 vase
228 1151 361 1230 inclusa„
376 1149 508 1214 aduertit
525 1147 717 1233 distantiam„
746 1153 780 1217 ad
801 1177 890 1233 quam

86 1235 177 1298 sonus
192 1231 372 1309 campanulae
395 1230 566 1294 audiebatur
580 1249 594 1310 3¹
610 1243 719 1308 ‘postea
740 1247 835 1301 aetem
858 1239 891 1300 in

86 1335 160 1378 vase
176 1312 301 1380 reddidit·
326 1312 413 1390 duplo
440 1309 629 1374 densiorem:
656 1311 692 1378 dt
719 1317 889 1394 campanula

88 1393 128 1458 ad
145 1415 247 1458 sonum
269 1394 418 1470 excitata,
445 1391 636 1468 deprehendit:
653 1395 805 1459 minimum
828 1399 892 1475 ejus
921 1462 923 1472 ,

55 1489 59 1496 ’
88 1497 191 1540 sonum
212 1473 247 1538 ad
269 1472 742 1551 duplamdistantiampersentiri.
758 1482 820 1558 Jaru
843 1487 892 1538 ut·

88 1578 143 1636 ro,
160 1558 186 1622 si
205 1557 238 1621 in
259 1553 347 1632 dupin
363 1555 436 1618 aeris
456 1551 604 1618 densitate
621 1555 763 1636 sonusad¹
775 1555 896 1636 duplam

89 1637 258 1702 distantiam
283 1651 477 1714 propagatum,
494 1633 527 1696 in.
542 1631 896 1716 distantia-subduplaetit.

91 1716 249 1792 quadruplo
269 1717 436 1793 intensior,
463 1735 535 1778 cum
553 1713 716 1792 superficies
739 1725 861 1800 spbaerae
882 1769 892 1797 ‚

91 1800 173 1874 cujus
193 1797 333 1858 diameter
353 1811 398 1857 est
418 1793 557 1869 subdupla
577 1795 734 1874 distantia,
762 1802 802 1862 sit
821 1821 893 1876 qua·
993 1823 995 1826 ·

90 1874 197 1952 druplo
219 1875 317 1938 minor·
341 1871 495 1948 superficie·
523 1877 642 1946 sphaerae
682 1879 813 1942 habentis
841 1901 898 1956 pro

88 1956 237 2020 diametrus
252 1953 424 2020 distantiam-
441 1947 589 2030 duplam(
610 1957 710 2018 Geonn
732 1977 760 2020 n.
781 1982 840 2034 272
862 1960 899 2034 )a

90 2038 184 2114 igitur
199 2035 287 2100 'idem
311 2053 401 2097 sonus·
422 2033 456 2094 in
472 2031 644 2098 distantiat
671 2033 706 2098 ad
728 2057 832 2101 sonum
863 2040 896 2102 iu

89 2117 227 2182 distantia
249 2141 266 2180 2
288 2131 337 2179 est·
357 2129 391 2176 ut
412 2133 455 2185 4:
477 2129 518 2189 23
545 2109 688 2178 decrescit
709 2137 777 2196 ergo
799 2119 832 2180 in.
849 2140 895 2184 ra·

90 2202 172 2264 tione
194 2200 311 2262 inversa
327 2191 477 2272 duplicata
493 2193 705 2270 distantiarum.
730 2219 751 2262 a
774 2218 899 2276 corpore⁴

87 2299 206 2344 sonoro.
297 2343 301 2348 ,

133 2383 210 2432 1494·
239 2357 350 2422 Dices.
367 2359 413 2421 Ex
432 2377 516 2433 supra
539 2353 779 2438 probatiscrescit
799 2357 897 2422 inten-

88 2439 160 2506 sitas
180 2437 243 2503 soni
263 2459 315 2514 pro
336 2435 417 2501 anila
437 2437 605 2500 densitate:
633 2457 706 2516 ergo
723 2441 750 2502 in
773 2435 899 2504 aidono-

88 2521 293 2598 experimento
309 2515 495 2580 debuitsoni
512 2516 682 2592 magnitudo
693 2539 762 2584 esse
775 2535 894 2584 tantum

88 2597 181 2680 duplo.
196 2599 310 2676 major,
328 2617 399 2660 tum,
414 2595 506 2674 duplo
522 2595 641 2662 densior·
656 2596 733 2663 foret
754 2621 823 2663 aer..

132 2703 223 2756 κως..
241 2681 286 2742 R„
301 2682 371 2760 Qua
391 2677 579 2756 proportione
597 2679 704 2746 crescit
718 2677 845 2744 densitas
865 2678 899 2742 in

88 2779 173 2837 aere,
194 2759 299 2824 erd'em
317 2777 440 2836 augetur
463 2757 497 2822 dt
517 2755 692 2841 elasticitasp
706 2760 810 2826 debuit
829 2781 903 2838 ergo

90 2843 123 2906 in
141 2839 236 2905 allato·
250 2841 449 2918 enperimonto
469 2838 638 2916 magnitudo
665 2844 732 2906 soni
758 2839 817 2906 fieri
846 2841 901 2904 du·

92 2923 137 3000 pla
157 2943 192 2985 ex
212 2920 298 2999 dupla
317 2918 481 2985 densitate:
503 2919 575 2984 item
596 2920 684 2994 dupla
706 2945 744 2988 en¹
762 2921 848 3004 dupla
867 2943 902 2987 e-

91 3001 271 3079 iusticirate,
292 2999 426 3078 adeoque·
442 3001 564 3063 omnino.
583 3001 760 3079 quadrupla„

217 3157 245 3244 ᾗ.
266 3163 304 3226 ΙΙ.
324 3165 368 3225 Da
390 3171 461 3248 sono
476 3157 656 3246 gruum&
671 3176 783 3230 acuto..
871 3130 874 3135 ι

136 3333 230 3408 taos..
247 3313 400 3398 lininiti'o.
422 3328 459 3386 ln
476 3338 547 3386 sono
564 3323 721 3408 grauitas,
741 3319 899 3388 &acuties

86 3403 211 3484 ,spanni
233 3401 330 3480 solet,
351 3403 426 3467 unde
435 3405 509 3466 binae
518 3403 660 3478 prodeunt
681 3425 816 3468 sonorum
837 3425 902 3482 spe·

91 3491 174 3578 cles„
192 3483 242 3566 qui
261 3485 323 3547 toni
343 3504 475 3570 graues,
495 3480 628 3632 ἁΜασηΙσὶ
649 3503 808 3551 vocantur:¹
837 3483 900 3548 vul·

509 3591 515 3604 .
823 3587 863 3646 30
