2152 4078
260 185 413 269 vvysan
434 186 644 276 parronam.
785 171 823 262 i.

46 283 154 344 patrat.
180 267 322 336 -Tandem
348 267 434 332 tedia
463 267 549 334 lineae
576 269 612 332 ab
639 283 704 330 ‘uno
732 265 863 344 polorum

44 347 142 490 doffte
156 344 199 446 'ad
219 349 434 427 aiterumsupra
443 349 585 428 magnetis
593 345 782 428 superficiem,
794 367 863 412 'nu-

48 449 77 490 n
100 448 181 492 tant.
849 471 852 486 .

62 521 74 578 ις
88 517 157 574 828.
178 557 200 588 „
218 507 374 580 scholion,
403 507 465 573 Poli
496 511 525 574 in
544 577 547 584 ,
563 531 622 573 uno
642 525 776 588 magnete
806 527 860 574 nec
953 513 958 522 '

43 607 158 666 semper
180 607 249 653 sunt
271 586 348 669 duo,
377 611 431 676 nee
450 610 562 668 semper
580 589 789 655 diamettaliter
809 611 860 668 op-

42 669 157 746 positi:
186 671 262 734 Nam
292 673 321 733 in
342 687 476 748 magnete
496 670 597 743 cubico
625 669 738 748 singula
766 667 860 736 latera

40 761 112 812 suos
133 749 240 814 habent
260 750 357 828 polos.
388 755 561 828 Magnetem
592 751 718 831 etiam,
745 750 794 829 qui
824 750 857 814 in

41 828 164 906 singulis
191 850 251 894 suae
280 829 440 908 superficiei
461 830 571 908 punctis
591 829 656 908 polo
676 830 801 899 donatus
822 851 854 896 e·

41 927 124 989 rat,
162 908 234 974 vidit
264 911 598 982 Musschembroekius„
625 903 685 976 Poii
701 911 872 996 magnetis,

41 983 131 1053 facile
150 991 340 1056 inveniuntur
361 1012 416 1068 ope
435 989 581 1062 limaturae
600 987 669 1054 ferri
682 1039 707 1067 „
721 1009 788 1068 quaa
800 992 856 1056 «ita

39 1071 174 1146 magneti
196 1071 315 1146 unitur,
346 1088 382 1132 ut
397 1067 508 1131 'sulcos
535 1091 619 1146 supra
650 1071 742 1145 ipsum
772 1069 858 1133 relin-

40 1165 142 1226 quat,
163 1147 227 1211 loca
246 1149 342 1227 enim,
364 1150 392 1210 in
416 1149 518 1226 quibus
538 1150 682 1211 uniuntur
706 1145 776 1210 fuici
794 1149 856 1226 isti,

37 1231 106 1292 sive
129 1228 230 1304 quibus
252 1226 382 1294 adheret
403 1228 556 1311 copiosior,
573 1227 677 1308 scobs,
705 1245 775 1292 sunt
797 1248 868 1309 mas
935 1257 942 1265 =

37 1306 140 1387 gnatis
161 1305 221 1387 poli
242 1305 280 1371 “.
413 1376 419 1389 p
774 1375 775 1379 ,

83 1397 152 1463 ⁸29·
173 1389 306 1454 siunins
328 1393 470 1470 magnetis
491 1389 572 1472 polus
592 1389 713 1456 borealis
734 1389 855 1464 alterius

38 1469 186 1548 magnetis
214 1469 372 1547 austraiem
402 1473 499 1550 polum
535 1473 701 1552 respiciat,
735 1475 853 1557 sintque

39 1549 125 1622 ambo
145 1568 293 1628 magnetes
311 1551 457 1632 ineadem
479 1551 570 1632 retia,
593 1571 739 1618 semutuo
759 1570 854 1617 attra-

39 1633 143 1708 hent,
158 1628 191 1694 dt
211 1631 327 1708 quidem
350 1633 473 1698 vividius
495 1684 504 1711 ,
535 1657 594 1712 quo
622 1637 765 1712 propiores
787 1629 851 1696 fue-

40 1711 119 1785 rint,
139 1710 246 1776 adeout
265 1734 365 1778 eorum
386 1713 522 1780 atttadio
543 1717 581 1778 sit
604 1715 632 1778 in
642 1712 779 1786 contadiu
800 1733 852 1778 va·

37 1787 205 1878 lidiss'ima.
224 1797 267 1858 At
288 1795 313 1856 si
333 1795 484 1874 utriusque
505 1797 652 1872 magnetis
668 1795 725 1874 poli
745 1815 853 1874 cogno-

37 1872 112 1934 mini
140 1871 193 1936 sibi
224 1873 448 1954 obvettantut,
481 1894 511 1940 se
539 1892 644 1940 mutuo
674 1875 852 1954 repellent„·

40 1971 78 2025 eo
99 1953 203 2032 majori
224 1956 270 2034 vi,
298 1975 357 2031 quo
377 1953 488 2018 fuerint
509 1957 672 2033 propiores,
701 1956 769 2017 hinc
791 1953 849 2030 poli

35 2030 289 2114 diversilnominis
307 2034 445 2098 dicuntur
464 2035 569 2096 amici:
598 2033 727 2112 ejusdem
747 2050 850 2100 autem

36 2112 165 2175 nominis
186 2114 315 2177 inimici.
338 2117 415 2179 Rem
437 2110 523 2182 facile
543 2114 716 2188 experieris,
736 2113 761 2174 si
781 2109 852 2174 dua-

34 2191 90 2256 bus
111 2190 252 2254 naviculis
271 2211 355 2268 apuae
376 2191 595 2265 innatantibuos
615 2191 686 2256 duos
708 2193 854 2270 imposue-

26 2273 77 2335 ris
98 2287 266 2350 magnetes3
294 2270 436 2336 accedunt
457 2273 536 2336 enim
558 2271 594 2336 ad
623 2273 748 2336 invicem
769 2272 851 2336 navi·
876 2340 879 2347 ,

34 2349 132 2428 culae,
154 2351 201 2414 ubi
224 2353 374 2430 utriusque
389 2354 530 2431 magnetis
551 2353 606 2430 poli
630 2355 714 2418 amici
738 2374 769 2417 se
789 2374 848 2416 tes·
873 2418 874 2422 ,

37 2431 174 2511 piciant5
203 2431 353 2510 refugient
374 2451 501 2512 autern,¹
520 2434 568 2498 uhi
588 2435 696 2499 inimici
717 2433 774 2512 poli
793 2433 848 2498 sibi

36 2529 235 2591 opponantur.
259 2519 335 2592 Item
363 2515 386 2578 si
407 2536 444 2578 ex
472 2513 551 2580 iibrae
572 2537 657 2594 scapo
679 2530 847 2592 magnetem

35 2591 192 2670 suspendas
210 2615 278 2658 cum
307 2593 490 2674 aequipondio
511 2596 746 2672 aequilibratam:
779 2611 847 2668 tum

34 2674 104 2738 huic
123 2677 251 2752 magneti
270 2675 361 2738 alium
383 2693 547 2752 magnetem
568 2674 739 2740 admoveas:
759 2671 848 2750 siqui·

35 2755 102 2818 dem
121 2753 219 2819 ablato
242 2755 406 2833 aequiiibrio
427 2755 607 2835 descendet,
638 2753 683 2818 vel
709 2753 849 2827 ascendet

34 2853 187 2911 suspensus
209 2856 349 2915 magnes,
376 2855 462 2914 prout
483 2835 796 2914 utriusquemagnetis
816 2855 847 2900 a·

35 2915 122 2992 mici,
145 2914 191 2980 vei
209 2917 320 2982 inimici
340 2915 396 2996 poii
419 2913 529 2982 fuerint
550 2917 604 2982 sibi
623 2917 754 2986 obversi.

76 3007 143 3070 830.
163 3000 288 3076 Leges,
318 2998 419 3076 quibus
441 3015 589 3076 magnetes
616 3019 646 3062 se
674 2999 845 3078 attrahunt,

35 3075 81 3140 val
102 3095 133 3138 se
153 3077 322 3155 repeliunt,
350 3077 478 3142 nondum
500 3077 581 3144 fuere
601 3080 745 3154 inventas:
775 3097 843 3144 cum

34 3154 163 3220 muitum
183 3175 320 3234 appareat
339 3159 509 3222 discriminis
537 3157 743 3234 attradiionum
764 3205 774 3236 ,
809 3155 844 3222 dt

35 3232 231 3315 repulsionum
253 3258 302 3312 pro
330 3241 408 3303 varia
429 3241 570 3316 magnetis
599 3237 719 3318 figura,
749 3232 843 3312 facio,

35 3339 69 3382 ac
89 3311 309 3391 magnitudine:
342 3316 375 3380 dt
396 3319 487 3382 etiam
514 3317 634 3383 diversis
664 3319 843 3392 temporibus

36 3399 63 3462 in
83 3395 186 3460 eodem
209 3411 344 3471 magnete
366 3401 465 3460 harum
486 3399 589 3460 virium
610 3397 772 3461 differentia
792 3395 844 3460 do

37 3474 244 3556 prehendatur.
265 3471 338 3536 iliud
360 3475 562 3618 tantthmmodo
578 3480 762 3554 observatum
785 3471 843 3542 fuit

129 3589 133 3596 ·
498 3577 510 3630 3
657 3561 805 3622 aivins-
