<?xml version="1.0" encoding="UTF-8"?>
<!DOCTYPE html PUBLIC "-//W3C//DTD XHTML 1.0 Transitional//EN"
    "http://www.w3.org/TR/xhtml1/DTD/xhtml1-transitional.dtd">
<html xmlns="http://www.w3.org/1999/xhtml" xml:lang="en" lang="en">
 <head>
  <title>
</title>
<meta http-equiv="Content-Type" content="text/html;charset=utf-8" />
  <meta name='ocr-system' content='tesseract 3.04.00' />
  <meta name='ocr-capabilities' content='ocr_page ocr_carea ocr_par ocr_line ocrx_word'/>
</head>
<body>
  <div class='ocr_page' id='page_1' title='image "./elementsphiloso02altigoog_0043.png"; bbox 0 0 2152 4078; ppageno 0'>
   <div class='ocr_carea' id='block_1_1' title="bbox 28 189 929 2920">
    <p class='ocr_par' dir='ltr' id='par_1_1' title="bbox 28 189 929 2920">
     <span class='ocr_line' id='line_1_1' title="bbox 296 189 664 274; baseline 0.005 -16"><span class='ocrx_word' id='word_1_1' title='bbox 296 189 429 274; x_wconf 78' lang='lat' dir='ltr'><em>Pbysicee</em></span> <span class='ocrx_word' id='word_1_2' title='bbox 449 193 664 261; x_wconf 72' lang='lat' dir='ltr'><em>Particularia.</em></span> 
     </span>
     <span class='ocr_line' id='line_1_2' title="bbox 78 272 879 360; baseline 0.005 -20"><span class='ocrx_word' id='word_1_3' title='bbox 78 273 200 360; x_wconf 70' lang='lat' dir='ltr'><em>pericle</em></span> <span class='ocrx_word' id='word_1_4' title='bbox 220 293 253 338; x_wconf 84' lang='lat' dir='ltr'><em>ac</em></span> <span class='ocrx_word' id='word_1_5' title='bbox 274 280 389 340; x_wconf 82' lang='lat' dir='ltr'><em>caeteris</em></span> <span class='ocrx_word' id='word_1_6' title='bbox 405 273 560 356; x_wconf 73' lang='lat' dir='ltr'><em>fossilibus</em></span> <span class='ocrx_word' id='word_1_7' title='bbox 582 272 719 355; x_wconf 73' lang='lat' dir='ltr'><em>(miro).</em></span> <span class='ocrx_word' id='word_1_8' title='bbox 740 279 779 342; x_wconf 72' lang='lat' dir='ltr'><em>Al</em></span> <span class='ocrx_word' id='word_1_9' title='bbox 799 295 879 344; x_wconf 82' lang='lat' dir='ltr'><em>com·</em></span> 
     </span>
     <span class='ocr_line' id='line_1_3' title="bbox 78 354 879 440; baseline -0.001 -16"><span class='ocrx_word' id='word_1_10' title='bbox 78 359 206 434; x_wconf 84' lang='lat' dir='ltr'><em>munior,</em></span> <span class='ocrx_word' id='word_1_11' title='bbox 225 373 259 418; x_wconf 93' lang='lat' dir='ltr'><em>ac</em></span> <span class='ocrx_word' id='word_1_12' title='bbox 280 354 458 434; x_wconf 76' lang='lat' dir='ltr'><em>probabilior</em></span> <span class='ocrx_word' id='word_1_13' title='bbox 476 359 574 434; x_wconf 81' lang='lat' dir='ltr'><em>opieio</em></span> <span class='ocrx_word' id='word_1_14' title='bbox 582 373 627 420; x_wconf 90' lang='lat' dir='ltr'><em>est</em></span> <span class='ocrx_word' id='word_1_15' title='bbox 635 355 754 420; x_wconf 89' lang='lat' dir='ltr'><em>metalla</em></span> <span class='ocrx_word' id='word_1_16' title='bbox 762 378 879 440; x_wconf 76' lang='lat' dir='ltr'><em>compo</em></span> 
     </span>
     <span class='ocr_line' id='line_1_4' title="bbox 75 435 880 516; baseline 0.002 -13"><span class='ocrx_word' id='word_1_17' title='bbox 75 441 108 504; x_wconf 86' lang='lat' dir='ltr'><em>sti</em></span> <span class='ocrx_word' id='word_1_18' title='bbox 128 457 162 502; x_wconf 84' lang='lat' dir='ltr'><em>est</em></span> <span class='ocrx_word' id='word_1_19' title='bbox 183 452 283 512; x_wconf 88' lang='lat' dir='ltr'><em>terra,</em></span> <span class='ocrx_word' id='word_1_20' title='bbox 303 435 453 516; x_wconf 78' lang='lat' dir='ltr'><em>sulphure,</em></span> <span class='ocrx_word' id='word_1_21' title='bbox 474 435 517 510; x_wconf 68' lang='lat' dir='ltr'><em>iot</em></span> <span class='ocrx_word' id='word_1_22' title='bbox 538 437 680 500; x_wconf 90' lang='lat' dir='ltr'><em>mercurio</em></span> <span class='ocrx_word' id='word_1_23' title='bbox 688 435 808 503; x_wconf 84' lang='lat' dir='ltr'><em>ttoersa</em></span> <span class='ocrx_word' id='word_1_24' title='bbox 827 439 880 505; x_wconf 84' lang='lat' dir='ltr'><em>do·</em></span> 
     </span>
     <span class='ocr_line' id='line_1_5' title="bbox 56 513 880 602; baseline 0.002 -20"><span class='ocrx_word' id='word_1_25' title='bbox 56 521 128 598; x_wconf 62' lang='grc' dir='ltr'><em>μί,</em></span> <span class='ocrx_word' id='word_1_26' title='bbox 147 515 326 598; x_wconf 83' lang='lat' dir='ltr'><em>diversaque</em></span> <span class='ocrx_word' id='word_1_27' title='bbox 344 513 553 582; x_wconf 80' lang='lat' dir='ltr'><em>combinatione</em></span> <span class='ocrx_word' id='word_1_28' title='bbox 571 521 792 600; x_wconf 56' lang='lat' dir='ltr'><em>coagmentatis,</em></span> <span class='ocrx_word' id='word_1_29' title='bbox 812 539 880 602; x_wconf 69' lang='lat' dir='ltr'><em>quse</em></span> 
     </span>
     <span class='ocr_line' id='line_1_6' title="bbox 72 595 881 679; baseline 0.006 -19"><span class='ocrx_word' id='word_1_30' title='bbox 72 599 225 678; x_wconf 77' lang='lat' dir='ltr'><em>principia</em></span> <span class='ocrx_word' id='word_1_31' title='bbox 243 616 278 659; x_wconf 83' lang='lat' dir='ltr'><em>ex</em></span> <span class='ocrx_word' id='word_1_32' title='bbox 300 595 528 679; x_wconf 75' lang='lat' dir='ltr'><em>quibuscumque</em></span> <span class='ocrx_word' id='word_1_33' title='bbox 546 597 677 660; x_wconf 87' lang='lat' dir='ltr'><em>metallis</em></span> <span class='ocrx_word' id='word_1_34' title='bbox 696 595 828 675; x_wconf 88' lang='lat' dir='ltr'><em>cbymica</em></span> <span class='ocrx_word' id='word_1_35' title='bbox 845 623 881 664; x_wconf 90' lang='lat' dir='ltr'><em>a·</em></span> 
     </span>
     <span class='ocr_line' id='line_1_7' title="bbox 74 675 879 758; baseline -0.005 -12"><span class='ocrx_word' id='word_1_36' title='bbox 74 679 168 746; x_wconf 62' lang='lat' dir='ltr'><em>&amp;ione</em></span> <span class='ocrx_word' id='word_1_37' title='bbox 189 675 327 740; x_wconf 83' lang='lat' dir='ltr'><em>resolutis</em></span> <span class='ocrx_word' id='word_1_38' title='bbox 348 676 521 741; x_wconf 86' lang='lat' dir='ltr'><em>eliciuntur.</em></span> <span class='ocrx_word' id='word_1_39' title='bbox 539 678 684 758; x_wconf 80' lang='lat' dir='ltr'><em>Equidem</em></span> <span class='ocrx_word' id='word_1_40' title='bbox 693 679 813 744; x_wconf 86' lang='lat' dir='ltr'><em>metalla</em></span> <span class='ocrx_word' id='word_1_41' title='bbox 833 700 879 745; x_wconf 87' lang='lat' dir='ltr'><em>es·</em></span> 
     </span>
     <span class='ocr_line' id='line_1_8' title="bbox 74 745 879 840; baseline 0.005 -19"><span class='ocrx_word' id='word_1_42' title='bbox 74 780 109 824; x_wconf 90' lang='lat' dir='ltr'><em>se</em></span> <span class='ocrx_word' id='word_1_43' title='bbox 129 777 203 838; x_wconf 84' lang='lat' dir='ltr'><em>opus</em></span> <span class='ocrx_word' id='word_1_44' title='bbox 222 771 336 821; x_wconf 74' lang='lat' dir='ltr'><em>natura</em></span> <span class='ocrx_word' id='word_1_45' title='bbox 357 755 472 840; x_wconf 76' lang='lat' dir='ltr'><em>negabit</em></span> <span class='ocrx_word' id='word_1_46' title='bbox 492 775 585 836; x_wconf 85' lang='lat' dir='ltr'><em>nemo,</em></span> <span class='ocrx_word' id='word_1_47' title='bbox 606 745 656 840; x_wconf 81' lang='lat' dir='ltr'><em>qui</em></span> <span class='ocrx_word' id='word_1_48' title='bbox 678 759 879 838; x_wconf 86' lang='lat' dir='ltr'><em>iapidesana-</em></span> 
     </span>
     <span class='ocr_line' id='line_1_9' title="bbox 74 833 881 922; baseline 0.001 -18"><span class='ocrx_word' id='word_1_49' title='bbox 74 857 147 904; x_wconf 92' lang='lat' dir='ltr'><em>tura</em></span> <span class='ocrx_word' id='word_1_50' title='bbox 166 839 235 916; x_wconf 83' lang='lat' dir='ltr'><em>ipsa</em></span> <span class='ocrx_word' id='word_1_51' title='bbox 254 837 285 898; x_wconf 92' lang='lat' dir='ltr'><em>in</em></span> <span class='ocrx_word' id='word_1_52' title='bbox 304 834 366 900; x_wconf 83' lang='lat' dir='ltr'><em>itas</em></span> <span class='ocrx_word' id='word_1_53' title='bbox 387 833 507 914; x_wconf 79' lang='lat' dir='ltr'><em>produci</em></span> <span class='ocrx_word' id='word_1_54' title='bbox 526 839 700 900; x_wconf 85' lang='lat' dir='ltr'><em>concesserit</em></span> <span class='ocrx_word' id='word_1_55' title='bbox 720 845 769 917; x_wconf 82' lang='lat' dir='ltr'><em>(n.</em></span> <span class='ocrx_word' id='word_1_56' title='bbox 782 843 881 922; x_wconf 81' lang='lat'>812);</span> 
     </span>
     <span class='ocr_line' id='line_1_10' title="bbox 75 913 879 996; baseline -0.001 -11"><span class='ocrx_word' id='word_1_57' title='bbox 75 939 133 986; x_wconf 88' lang='lat' dir='ltr'><em>non</em></span> <span class='ocrx_word' id='word_1_58' title='bbox 153 917 229 982; x_wconf 89' lang='lat' dir='ltr'><em>enim</em></span> <span class='ocrx_word' id='word_1_59' title='bbox 250 913 313 982; x_wconf 85' lang='lat' dir='ltr'><em>ulla</em></span> <span class='ocrx_word' id='word_1_60' title='bbox 332 921 430 996; x_wconf 83' lang='lat' dir='ltr'><em>potior</em></span> <span class='ocrx_word' id='word_1_61' title='bbox 449 932 574 996; x_wconf 82' lang='lat' dir='ltr'><em>apparet</em></span> <span class='ocrx_word' id='word_1_62' title='bbox 595 919 684 994; x_wconf 88' lang='lat' dir='ltr'><em>ratio,</em></span> <span class='ocrx_word' id='word_1_63' title='bbox 702 938 798 982; x_wconf 81' lang='lat' dir='ltr'><em>curete</em></span> <span class='ocrx_word' id='word_1_64' title='bbox 819 937 879 984; x_wconf 86' lang='lat' dir='ltr'><em>ter·</em></span> 
     </span>
     <span class='ocr_line' id='line_1_11' title="bbox 73 995 878 1083; baseline -0.002 -23"><span class='ocrx_word' id='word_1_65' title='bbox 73 997 120 1066; x_wconf 68' lang='lat' dir='ltr'><em>&#39;re</em></span> <span class='ocrx_word' id='word_1_66' title='bbox 139 997 236 1062; x_wconf 86' lang='lat' dir='ltr'><em>succis</em></span> <span class='ocrx_word' id='word_1_67' title='bbox 257 996 376 1059; x_wconf 81' lang='lat' dir='ltr'><em>diuerso</em></span> <span class='ocrx_word' id='word_1_68' title='bbox 398 995 482 1060; x_wconf 83' lang='lat' dir='ltr'><em>modo</em></span> <span class='ocrx_word' id='word_1_69' title='bbox 501 997 670 1072; x_wconf 83' lang='lat' dir='ltr'><em>percolatis,</em></span> <span class='ocrx_word' id='word_1_70' title='bbox 690 995 827 1083; x_wconf 76' lang='lat' dir='ltr'><em>digestis‚.</em></span> <span class='ocrx_word' id='word_1_71' title='bbox 843 1020 878 1066; x_wconf 78' lang='lat' dir='ltr'><em>aa</em></span> 
     </span>
     <span class='ocr_line' id='line_1_12' title="bbox 75 1073 880 1152; baseline 0.002 -11"><span class='ocrx_word' id='word_1_72' title='bbox 75 1081 183 1144; x_wconf 74' lang='lat' dir='ltr'><em>mixtis</em></span> <span class='ocrx_word' id='word_1_73' title='bbox 204 1074 319 1152; x_wconf 80' lang='lat' dir='ltr'><em>lapides</em></span> <span class='ocrx_word' id='word_1_74' title='bbox 337 1073 564 1152; x_wconf 62' lang='lat' dir='ltr'><em>praeeant-‚so</em></span> <span class='ocrx_word' id='word_1_75' title='bbox 584 1075 704 1138; x_wconf 88' lang='lat' dir='ltr'><em>metalla</em></span> <span class='ocrx_word' id='word_1_76' title='bbox 724 1076 781 1140; x_wconf 83' lang='lat' dir='ltr'><em>non&#39;</em></span> <span class='ocrx_word' id='word_1_77' title='bbox 801 1081 880 1142; x_wconf 85' lang='lat' dir='ltr'><em>irem.</em></span> 
     </span>
     <span class='ocr_line' id='line_1_13' title="bbox 76 1150 881 1236; baseline 0 -15"><span class='ocrx_word' id='word_1_78' title='bbox 76 1161 155 1226; x_wconf 79' lang='lat' dir='ltr'><em>Hinc</em></span> <span class='ocrx_word' id='word_1_79' title='bbox 174 1152 416 1217; x_wconf 76' lang='lat' dir='ltr'><em>animaduersum</em></span> <span class='ocrx_word' id='word_1_80' title='bbox 431 1150 492 1236; x_wconf 73' lang='lat' dir='ltr'><em>fuit</em></span> <span class='ocrx_word' id='word_1_81' title='bbox 513 1151 634 1214; x_wconf 86' lang='lat' dir='ltr'><em>metalla</em></span> <span class='ocrx_word' id='word_1_82' title='bbox 653 1152 881 1233; x_wconf 82' lang='lat' dir='ltr'><em>diuersispolle-</em></span> 
     </span>
     <span class='ocr_line' id='line_1_14' title="bbox 76 1231 881 1320; baseline -0.007 -16"><span class='ocrx_word' id='word_1_83' title='bbox 76 1258 112 1304; x_wconf 88' lang='lat' dir='ltr'><em>re</em></span> <span class='ocrx_word' id='word_1_84' title='bbox 129 1231 338 1320; x_wconf 71' lang='lat' dir='ltr'><em>adfeliionibus</em></span> <span class='ocrx_word' id='word_1_85' title='bbox 362 1250 416 1312; x_wconf 86' lang='lat' dir='ltr'><em>pro</em></span> <span class='ocrx_word' id='word_1_86' title='bbox 437 1233 569 1298; x_wconf 79' lang='lat' dir='ltr'><em>diversis</em></span> <span class='ocrx_word' id='word_1_87' title='bbox 588 1231 673 1311; x_wconf 88' lang='lat' dir='ltr'><em>locis,</em></span> <span class='ocrx_word' id='word_1_88' title='bbox 692 1255 708 1299; x_wconf 91' lang='lat' dir='ltr'><em>e</em></span> <span class='ocrx_word' id='word_1_89' title='bbox 727 1233 881 1320; x_wconf 78' lang='lat' dir='ltr'><em>quibusrf·</em></span> 
     </span>
     <span class='ocr_line' id='line_1_15' title="bbox 69 1310 879 1406; baseline -0.001 -25"><span class='ocrx_word' id='word_1_90' title='bbox 69 1315 242 1406; x_wconf 56' lang='lat' dir='ltr'><em>filiuntur:</em></span> <span class='ocrx_word' id='word_1_91' title='bbox 264 1315 334 1380; x_wconf 83' lang='lat' dir='ltr'><em>item</em></span> <span class='ocrx_word' id='word_1_92' title='bbox 344 1313 509 1378; x_wconf 85' lang='lat' dir='ltr'><em>metallicas</em></span> <span class='ocrx_word' id='word_1_93' title='bbox 513 1310 635 1396; x_wconf 83' lang='lat' dir='ltr'><em>fodinas</em></span> <span class='ocrx_word' id='word_1_94' title='bbox 641 1313 753 1392; x_wconf 83' lang='lat' dir='ltr'><em>jamdiu</em></span> <span class='ocrx_word' id='word_1_95' title='bbox 771 1313 879 1380; x_wconf 81' lang='lat' dir='ltr'><em>rubeu-</em></span> 
     </span>
     <span class='ocr_line' id='line_1_16' title="bbox 75 1393 879 1472; baseline 0.001 -11"><span class='ocrx_word' id='word_1_96' title='bbox 75 1414 145 1461; x_wconf 86' lang='lat' dir='ltr'><em>stas</em></span> <span class='ocrx_word' id='word_1_97' title='bbox 165 1414 273 1458; x_wconf 89' lang='lat' dir='ltr'><em>rursus</em></span> <span class='ocrx_word' id='word_1_98' title='bbox 292 1393 413 1458; x_wconf 87' lang='lat' dir='ltr'><em>metalla</em></span> <span class='ocrx_word' id='word_1_99' title='bbox 433 1393 570 1472; x_wconf 70' lang='lat' dir='ltr'><em>prebere:</em></span> <span class='ocrx_word' id='word_1_100' title='bbox 589 1394 750 1460; x_wconf 86' lang='lat' dir='ltr'><em>a&#39;ctandem</em></span> <span class='ocrx_word' id='word_1_101' title='bbox 760 1397 879 1462; x_wconf 85' lang='lat' dir='ltr'><em>mollem</em></span> 
     </span>
     <span class='ocr_line' id='line_1_17' title="bbox 74 1469 880 1562; baseline -0.001 -20"><span class='ocrx_word' id='word_1_102' title='bbox 74 1476 217 1560; x_wconf 76' lang='lat' dir='ltr'><em>argillam</em></span> <span class='ocrx_word' id='word_1_103' title='bbox 237 1493 253 1537; x_wconf 88' lang='lat' dir='ltr'><em>e</em></span> <span class='ocrx_word' id='word_1_104' title='bbox 267 1469 446 1560; x_wconf 75' lang='lat' dir='ltr'><em>ferrugineis</em></span> <span class='ocrx_word' id='word_1_105' title='bbox 458 1471 880 1562; x_wconf 82' lang='lat' dir='ltr'><em>marchasitisbeneenpurga-</em></span> 
     </span>
     <span class='ocr_line' id='line_1_18' title="bbox 75 1552 872 1637; baseline 0.005 -15"><span class='ocrx_word' id='word_1_106' title='bbox 75 1574 160 1636; x_wconf 84' lang='lat' dir='ltr'><em>tam,</em></span> <span class='ocrx_word' id='word_1_107' title='bbox 177 1553 335 1636; x_wconf 82' lang='lat' dir='ltr'><em>paullatim</em></span> <span class='ocrx_word' id='word_1_108' title='bbox 357 1561 388 1620; x_wconf 89' lang='lat' dir='ltr'><em>in</em></span> <span class='ocrx_word' id='word_1_109' title='bbox 409 1552 620 1620; x_wconf 85' lang='lat' dir='ltr'><em>marchasitam</em></span> <span class='ocrx_word' id='word_1_110' title='bbox 640 1558 790 1637; x_wconf 85' lang='lat' dir='ltr'><em>euasisse,</em></span> <span class='ocrx_word' id='word_1_111' title='bbox 811 1561 872 1626; x_wconf 85' lang='lat' dir='ltr'><em>into</em></span> 
     </span>
     <span class='ocr_line' id='line_1_19' title="bbox 70 1633 879 1721; baseline 0.006 -22"><span class='ocrx_word' id='word_1_112' title='bbox 70 1635 200 1721; x_wconf 77' lang='lat' dir='ltr'><em>serrum,</em></span> <span class='ocrx_word' id='word_1_113' title='bbox 221 1633 265 1710; x_wconf 61' lang='lat' dir='ltr'><em>iffi</em></span> <span class='ocrx_word' id='word_1_114' title='bbox 285 1633 350 1700; x_wconf 85' lang='lat' dir='ltr'><em>alia</em></span> <span class='ocrx_word' id='word_1_115' title='bbox 369 1633 491 1702; x_wconf 88' lang='lat' dir='ltr'><em>metalla</em></span> <span class='ocrx_word' id='word_1_116' title='bbox 510 1639 828 1714; x_wconf 83' lang='lat' dir='ltr'><em>procreassetestisrst</em></span> <span class='ocrx_word' id='word_1_117' title='bbox 841 1647 879 1704; x_wconf 86' lang='lat' dir='ltr'><em>D.</em></span> 
     </span>
     <span class='ocr_line' id='line_1_20' title="bbox 76 1717 881 1801; baseline 0.001 -19"><span class='ocrx_word' id='word_1_118' title='bbox 76 1727 126 1782; x_wconf 88' lang='lat' dir='ltr'><em>Du</em></span> <span class='ocrx_word' id='word_1_119' title='bbox 146 1717 225 1796; x_wconf 83' lang='lat' dir='ltr'><em>Clos3</em></span> <span class='ocrx_word' id='word_1_120' title='bbox 245 1734 377 1801; x_wconf 70' lang='lat' dir='ltr'><em>est‘trgo</em></span> <span class='ocrx_word' id='word_1_121' title='bbox 398 1733 606 1795; x_wconf 73' lang='lat' dir='ltr'><em>staturaeopus</em></span> <span class='ocrx_word' id='word_1_122' title='bbox 615 1717 801 1782; x_wconf 88' lang='lat' dir='ltr'><em>metallorum</em></span> <span class='ocrx_word' id='word_1_123' title='bbox 810 1737 881 1798; x_wconf 82' lang='lat' dir='ltr'><em>pro·</em></span> 
     </span>
     <span class='ocr_line' id='line_1_21' title="bbox 76 1795 879 1878; baseline 0 -16"><span class='ocrx_word' id='word_1_124' title='bbox 76 1795 181 1862; x_wconf 72' lang='lat' dir='ltr'><em>duilio.</em></span> <span class='ocrx_word' id='word_1_125' title='bbox 190 1801 264 1862; x_wconf 77' lang='lat' dir='ltr'><em>thr</em></span> <span class='ocrx_word' id='word_1_126' title='bbox 274 1797 462 1875; x_wconf 86' lang='lat' dir='ltr'><em>metallorum</em></span> <span class='ocrx_word' id='word_1_127' title='bbox 470 1799 732 1862; x_wconf 87' lang='lat' dir='ltr'><em>transmutationes</em></span> <span class='ocrx_word' id='word_1_128' title='bbox 740 1819 802 1864; x_wconf 86' lang='lat' dir='ltr'><em>este</em></span> <span class='ocrx_word' id='word_1_129' title='bbox 810 1818 879 1878; x_wconf 81' lang='lat' dir='ltr'><em>pos-</em></span> 
     </span>
     <span class='ocr_line' id='line_1_22' title="bbox 76 1873 878 1957; baseline 0.006 -17"><span class='ocrx_word' id='word_1_130' title='bbox 76 1876 177 1942; x_wconf 91' lang='lat' dir='ltr'><em>sibiles</em></span> <span class='ocrx_word' id='word_1_131' title='bbox 197 1897 348 1942; x_wconf 86' lang='lat' dir='ltr'><em>censemus</em></span> <span class='ocrx_word' id='word_1_132' title='bbox 368 1879 458 1941; x_wconf 88' lang='lat' dir='ltr'><em>etiam</em></span> <span class='ocrx_word' id='word_1_133' title='bbox 477 1877 555 1938; x_wconf 91' lang='lat' dir='ltr'><em>artis</em></span> <span class='ocrx_word' id='word_1_134' title='bbox 575 1873 701 1956; x_wconf 83' lang='lat' dir='ltr'><em>viribus3</em></span> <span class='ocrx_word' id='word_1_135' title='bbox 721 1897 770 1941; x_wconf 88' lang='lat' dir='ltr'><em>net</em></span> <span class='ocrx_word' id='word_1_136' title='bbox 791 1882 878 1957; x_wconf 79' lang='lat' dir='ltr'><em>Lapi-</em></span> 
     </span>
     <span class='ocr_line' id='line_1_23' title="bbox 76 1954 878 2096; baseline -0.012 -75"><span class='ocrx_word' id='word_1_137' title='bbox 76 1959 145 2022; x_wconf 86' lang='lat' dir='ltr'><em>dem</em></span> <span class='ocrx_word' id='word_1_138' title='bbox 167 1959 415 2038; x_wconf 82' lang='lat' dir='ltr'><em>Philosophorum,</em></span> <span class='ocrx_word' id='word_1_139' title='bbox 437 1957 501 2018; x_wconf 77' lang='lat' dir='ltr'><em>st&#39;tte</em></span> <span class='ocrx_word' id='word_1_140' title='bbox 521 1970 618 2027; x_wconf 84' lang='lat' dir='ltr'><em>artem</em></span> <span class='ocrx_word' id='word_1_141' title='bbox 639 1954 878 2096; x_wconf 47' lang='lat' dir='ltr'><em>ipinobiliorame.</em></span> 
     </span>
     <span class='ocr_line' id='line_1_24' title="bbox 78 2033 881 2113; baseline -0.009 -9"><span class='ocrx_word' id='word_1_142' title='bbox 78 2037 153 2104; x_wconf 90' lang='lat' dir='ltr'><em>talla</em></span> <span class='ocrx_word' id='word_1_143' title='bbox 173 2040 203 2102; x_wconf 90' lang='lat' dir='ltr'><em>in</em></span> <span class='ocrx_word' id='word_1_144' title='bbox 224 2057 330 2102; x_wconf 91' lang='lat' dir='ltr'><em>aurum</em></span> <span class='ocrx_word' id='word_1_145' title='bbox 349 2033 533 2102; x_wconf 85' lang='lat' dir='ltr'><em>convertendi</em></span> <span class='ocrx_word' id='word_1_146' title='bbox 544 2033 651 2096; x_wconf 88' lang='lat' dir='ltr'><em>rebusc</em></span> <span class='ocrx_word' id='word_1_147' title='bbox 673 2037 881 2113; x_wconf 45' lang='lat' dir='ltr'><em>ymaerisisdpr</em></span> 
     </span>
     <span class='ocr_line' id='line_1_25' title="bbox 79 2112 883 2195; baseline -0.016 -12"><span class='ocrx_word' id='word_1_148' title='bbox 79 2117 193 2183; x_wconf 89' lang='lat' dir='ltr'><em>bomini</em></span> <span class='ocrx_word' id='word_1_149' title='bbox 205 2115 436 2195; x_wconf 87' lang='lat' dir='ltr'><em>impossibilibus</em></span> <span class='ocrx_word' id='word_1_150' title='bbox 444 2112 796 2192; x_wconf 65' lang='lat' dir='ltr'><em>adnumerareausltmuu</em></span> <span class='ocrx_word' id='word_1_151' title='bbox 807 2133 883 2193; x_wconf 67' lang='lat' dir='ltr'><em>pre.</em></span> 
     </span>
     <span class='ocr_line' id='line_1_26' title="bbox 77 2193 929 2278; baseline -0.009 -16"><span class='ocrx_word' id='word_1_152' title='bbox 77 2201 161 2276; x_wconf 84' lang='lat' dir='ltr'><em>cipue</em></span> <span class='ocrx_word' id='word_1_153' title='bbox 178 2216 250 2260; x_wconf 89' lang='lat' dir='ltr'><em>cum·</em></span> <span class='ocrx_word' id='word_1_154' title='bbox 269 2195 369 2274; x_wconf 83' lang='lat' dir='ltr'><em>piures</em></span> <span class='ocrx_word' id='word_1_155' title='bbox 393 2193 579 2258; x_wconf 86' lang='lat' dir='ltr'><em>metallorum</em></span> <span class='ocrx_word' id='word_1_156' title='bbox 598 2195 882 2278; x_wconf 83' lang='lat' dir='ltr'><em>transmutationes,</em></span> <span class='ocrx_word' id='word_1_157' title='bbox 928 2249 929 2254; x_wconf 73' lang='grc'>,</span> 
     </span>
     <span class='ocr_line' id='line_1_27' title="bbox 79 2265 880 2358; baseline 0.002 -19"><span class='ocrx_word' id='word_1_158' title='bbox 79 2297 156 2358; x_wconf 83' lang='lat' dir='ltr'><em>quas</em></span> <span class='ocrx_word' id='word_1_159' title='bbox 177 2273 309 2356; x_wconf 73' lang='lat' dir='ltr'><em>bemici</em></span> <span class='ocrx_word' id='word_1_160' title='bbox 330 2265 464 2356; x_wconf 74' lang='lat' dir='ltr'><em>efficiunt3</em></span> <span class='ocrx_word' id='word_1_161' title='bbox 483 2271 625 2356; x_wconf 84' lang='lat' dir='ltr'><em>pluraque</em></span> <span class='ocrx_word' id='word_1_162' title='bbox 635 2272 755 2338; x_wconf 88' lang='lat' dir='ltr'><em>metalla</em></span> <span class='ocrx_word' id='word_1_163' title='bbox 763 2273 880 2354; x_wconf 82' lang='lat' dir='ltr'><em>bemi-</em></span> 
     </span>
     <span class='ocr_line' id='line_1_28' title="bbox 78 2354 882 2433; baseline 0.001 -11"><span class='ocrx_word' id='word_1_164' title='bbox 78 2377 181 2422; x_wconf 86' lang='lat' dir='ltr'><em>corum</em></span> <span class='ocrx_word' id='word_1_165' title='bbox 201 2372 266 2420; x_wconf 90' lang='lat' dir='ltr'><em>arte</em></span> <span class='ocrx_word' id='word_1_166' title='bbox 286 2354 438 2421; x_wconf 88' lang='lat' dir='ltr'><em>elaborata</em></span> <span class='ocrx_word' id='word_1_167' title='bbox 457 2370 616 2418; x_wconf 86' lang='lat' dir='ltr'><em>memorent</em></span> <span class='ocrx_word' id='word_1_168' title='bbox 625 2355 762 2433; x_wconf 84' lang='lat' dir='ltr'><em>Boyleus,</em></span> <span class='ocrx_word' id='word_1_169' title='bbox 783 2358 882 2423; x_wconf 89' lang='lat' dir='ltr'><em>asalii</em></span> 
     </span>
     <span class='ocr_line' id='line_1_29' title="bbox 79 2433 885 2522; baseline -0.005 -20"><span class='ocrx_word' id='word_1_170' title='bbox 79 2435 213 2504; x_wconf 85' lang='lat' dir='ltr'><em>aullores</em></span> <span class='ocrx_word' id='word_1_171' title='bbox 227 2433 288 2517; x_wconf 81' lang='lat' dir='ltr'><em>fide</em></span> <span class='ocrx_word' id='word_1_172' title='bbox 308 2435 485 2522; x_wconf 85' lang='lat' dir='ltr'><em>dignissimi,</em></span> <span class='ocrx_word' id='word_1_173' title='bbox 506 2457 525 2498; x_wconf 88' lang='lat' dir='ltr'><em>a</em></span> <span class='ocrx_word' id='word_1_174' title='bbox 546 2433 651 2516; x_wconf 83' lang='lat' dir='ltr'><em>quibus</em></span> <span class='ocrx_word' id='word_1_175' title='bbox 665 2435 795 2502; x_wconf 73' lang='lat' dir='ltr'><em>rccedm</em></span> <span class='ocrx_word' id='word_1_176' title='bbox 813 2438 885 2512; x_wconf 74' lang='lat' dir='ltr'><em>absa¹</em></span> 
     </span>
     <span class='ocr_line' id='line_1_30' title="bbox 78 2514 883 2600; baseline 0.005 -20"><span class='ocrx_word' id='word_1_177' title='bbox 78 2537 134 2600; x_wconf 78' lang='lat' dir='ltr'><em>que</em></span> <span class='ocrx_word' id='word_1_178' title='bbox 152 2519 329 2584; x_wconf 86' lang='lat' dir='ltr'><em>temeritatis</em></span> <span class='ocrx_word' id='word_1_179' title='bbox 352 2532 420 2582; x_wconf 82' lang='lat' dir='ltr'><em>nuta</em></span> <span class='ocrx_word' id='word_1_180' title='bbox 440 2533 496 2582; x_wconf 85' lang='lat' dir='ltr'><em>nott</em></span> <span class='ocrx_word' id='word_1_181' title='bbox 517 2533 602 2592; x_wconf 83' lang='lat' dir='ltr'><em>posse</em></span> <span class='ocrx_word' id='word_1_182' title='bbox 621 2514 820 2580; x_wconf 82' lang='lat' dir='ltr'><em>arbitramur·</em></span> <span class='ocrx_word' id='word_1_183' title='bbox 842 2519 883 2584; x_wconf 81' lang='lat' dir='ltr'><em>E-</em></span> 
     </span>
     <span class='ocr_line' id='line_1_31' title="bbox 79 2596 883 2684; baseline 0.002 -24"><span class='ocrx_word' id='word_1_184' title='bbox 79 2597 196 2678; x_wconf 75' lang='lat' dir='ltr'><em>quidem</em></span> <span class='ocrx_word' id='word_1_185' title='bbox 217 2600 331 2684; x_wconf 80' lang='lat' dir='ltr'><em>ignorat</em></span> <span class='ocrx_word' id='word_1_186' title='bbox 350 2617 433 2664; x_wconf 85' lang='lat' dir='ltr'><em>nemo</em></span> <span class='ocrx_word' id='word_1_187' title='bbox 452 2596 811 2674; x_wconf 85' lang='lat' dir='ltr'><em>possearrisopeueriari</em></span> <span class='ocrx_word' id='word_1_188' title='bbox 822 2619 883 2662; x_wconf 84' lang='lat' dir='ltr'><em>nee·</em></span> 
     </span>
     <span class='ocr_line' id='line_1_32' title="bbox 79 2673 882 2758; baseline 0 -18"><span class='ocrx_word' id='word_1_189' title='bbox 79 2677 221 2744; x_wconf 87' lang='lat' dir='ltr'><em>tallorum</em></span> <span class='ocrx_word' id='word_1_190' title='bbox 241 2679 385 2758; x_wconf 86' lang='lat' dir='ltr'><em>colorem,</em></span> <span class='ocrx_word' id='word_1_191' title='bbox 406 2673 531 2756; x_wconf 80' lang='lat' dir='ltr'><em>pondus,</em></span> <span class='ocrx_word' id='word_1_192' title='bbox 552 2677 739 2740; x_wconf 76' lang='lat' dir='ltr'><em>tenacitatem</em></span> <span class='ocrx_word' id='word_1_193' title='bbox 769 2673 882 2742; x_wconf 76' lang='lat' dir='ltr'><em>lausti-</em></span> 
     </span>
     <span class='ocr_line' id='line_1_33' title="bbox 28 2753 884 2842; baseline 0.004 -21"><span class='ocrx_word' id='word_1_194' title='bbox 28 2799 47 2839; x_wconf 45' lang='grc' dir='ltr'><em>,ι</em></span> <span class='ocrx_word' id='word_1_195' title='bbox 79 2774 199 2838; x_wconf 89' lang='lat' dir='ltr'><em>tatem,</em></span> <span class='ocrx_word' id='word_1_196' title='bbox 233 2759 368 2842; x_wconf 83' lang='lat' dir='ltr'><em>aliasque</em></span> <span class='ocrx_word' id='word_1_197' title='bbox 386 2753 584 2841; x_wconf 51' lang='lat' dir='ltr'><em>adssl‘liuneM</em></span> <span class='ocrx_word' id='word_1_198' title='bbox 606 2773 694 2834; x_wconf 76' lang='lat' dir='ltr'><em>posse</em></span> <span class='ocrx_word' id='word_1_199' title='bbox 745 2755 834 2823; x_wconf 85' lang='lat' dir='ltr'><em>stalla</em></span> <span class='ocrx_word' id='word_1_200' title='bbox 853 2760 884 2824; x_wconf 85' lang='lat' dir='ltr'><em>itt</em></span> 
     </span>
     <span class='ocr_line' id='line_1_34' title="bbox 80 2835 882 2920; baseline 0.004 -19"><span class='ocrx_word' id='word_1_201' title='bbox 80 2842 228 2920; x_wconf 77' lang='lat' dir='ltr'><em>principia</em></span> <span class='ocrx_word' id='word_1_202' title='bbox 257 2841 345 2920; x_wconf 83' lang='lat' dir='ltr'><em>plane</em></span> <span class='ocrx_word' id='word_1_203' title='bbox 371 2837 408 2904; x_wconf 94' lang='lat' dir='ltr'><em>ab</em></span> <span class='ocrx_word' id='word_1_204' title='bbox 427 2837 505 2918; x_wconf 85' lang='lat' dir='ltr'><em>ipsis</em></span> <span class='ocrx_word' id='word_1_205' title='bbox 525 2837 649 2902; x_wconf 80' lang='lat' dir='ltr'><em>diversa</em></span> <span class='ocrx_word' id='word_1_206' title='bbox 669 2835 801 2906; x_wconf 79' lang='lat' dir='ltr'><em>resolui:</em></span> <span class='ocrx_word' id='word_1_207' title='bbox 822 2840 882 2904; x_wconf 85' lang='lat' dir='ltr'><em>imo</em></span> 
     </span>
    </p>
   </div>
   <div class='ocr_carea' id='block_1_2' title="bbox 81 2911 883 3063">
    <p class='ocr_par' dir='ltr' id='par_1_2' title="bbox 81 2911 883 3063">
     <span class='ocr_line' id='line_1_35' title="bbox 81 2911 883 3063; baseline -0.002 -79"><span class='ocrx_word' id='word_1_208' title='bbox 81 2919 201 2984; x_wconf 91' lang='lat' dir='ltr'><em>metalla</em></span> <span class='ocrx_word' id='word_1_209' title='bbox 220 2935 325 3001; x_wconf 73' lang='lat' dir='ltr'><em>sponte</em></span> <span class='ocrx_word' id='word_1_210' title='bbox 344 2919 514 2998; x_wconf 83' lang='lat' dir='ltr'><em>eorrumpi,</em></span> <span class='ocrx_word' id='word_1_211' title='bbox 534 2936 601 2981; x_wconf 90' lang='lat' dir='ltr'><em>cum</em></span> <span class='ocrx_word' id='word_1_212' title='bbox 616 2917 651 2980; x_wconf 85' lang='lat' dir='ltr'><em>irs</em></span> <span class='ocrx_word' id='word_1_213' title='bbox 663 2911 883 3063; x_wconf 47' lang='lat' dir='ltr'><em>rubiginemab-</em></span> 
     </span>
    </p>
   </div>
   <div class='ocr_carea' id='block_1_3' title="bbox 80 2997 894 3624">
    <p class='ocr_par' dir='ltr' id='par_1_3' title="bbox 80 2997 894 3240">
     <span class='ocr_line' id='line_1_36' title="bbox 83 2997 884 3082; baseline -0.002 -16"><span class='ocrx_word' id='word_1_214' title='bbox 83 3017 165 3066; x_wconf 86' lang='lat' dir='ltr'><em>eunt.</em></span> <span class='ocrx_word' id='word_1_215' title='bbox 187 3003 260 3066; x_wconf 86' lang='lat' dir='ltr'><em>Non</em></span> <span class='ocrx_word' id='word_1_216' title='bbox 281 3017 349 3066; x_wconf 85' lang='lat' dir='ltr'><em>sunt</em></span> <span class='ocrx_word' id='word_1_217' title='bbox 370 3019 440 3082; x_wconf 80' lang='lat' dir='ltr'><em>ergo</em></span> <span class='ocrx_word' id='word_1_218' title='bbox 459 2998 580 3062; x_wconf 86' lang='lat' dir='ltr'><em>metalla</em></span> <span class='ocrx_word' id='word_1_219' title='bbox 599 2997 723 3062; x_wconf 87' lang='lat' dir='ltr'><em>immuta</em></span> <span class='ocrx_word' id='word_1_220' title='bbox 742 2999 811 3078; x_wconf 86' lang='lat' dir='ltr'><em>il&#39;a,</em></span> <span class='ocrx_word' id='word_1_221' title='bbox 836 3019 884 3064; x_wconf 87' lang='lat' dir='ltr'><em>rte-</em></span> 
     </span>
     <span class='ocr_line' id='line_1_37' title="bbox 80 3022 894 3163; baseline 0 -21"><span class='ocrx_word' id='word_1_222' title='bbox 80 3083 136 3163; x_wconf 79' lang='lat' dir='ltr'><em>que</em></span> <span class='ocrx_word' id='word_1_223' title='bbox 158 3097 316 3160; x_wconf 82' lang='lat' dir='ltr'><em>propterea</em></span> <span class='ocrx_word' id='word_1_224' title='bbox 348 3085 435 3157; x_wconf 82' lang='lat' dir='ltr'><em>Lupis</em></span> <span class='ocrx_word' id='word_1_225' title='bbox 467 3077 702 3156; x_wconf 82' lang='lat' dir='ltr'><em>Philosophorum</em></span> <span class='ocrx_word' id='word_1_226' title='bbox 724 3022 894 3146; x_wconf 72' lang='lat' dir='ltr'><em>eclesia·</em></span> 
     </span>
     <span class='ocr_line' id='line_1_38' title="bbox 80 3156 883 3240; baseline -0.002 -16"><span class='ocrx_word' id='word_1_227' title='bbox 80 3179 177 3224; x_wconf 78' lang='lat' dir='ltr'><em>mana</em></span> <span class='ocrx_word' id='word_1_228' title='bbox 196 3160 351 3226; x_wconf 77' lang='lat' dir='ltr'><em>industria</em></span> <span class='ocrx_word' id='word_1_229' title='bbox 372 3156 605 3240; x_wconf 87' lang='lat' dir='ltr'><em>impossibilibus</em></span> <span class='ocrx_word' id='word_1_230' title='bbox 624 3173 719 3238; x_wconf 86' lang='lat' dir='ltr'><em>potest</em></span> <span class='ocrx_word' id='word_1_231' title='bbox 729 3161 883 3227; x_wconf 81' lang='lat' dir='ltr'><em>accenseri.</em></span> 
     </span>
    </p>

    <p class='ocr_par' dir='ltr' id='par_1_4' title="bbox 81 3239 884 3622">
     <span class='ocr_line' id='line_1_39' title="bbox 123 3239 884 3320; baseline 0.003 -20"><span class='ocrx_word' id='word_1_232' title='bbox 123 3249 193 3314; x_wconf 80' lang='lat'><em>851.</em></span> <span class='ocrx_word' id='word_1_233' title='bbox 213 3240 258 3302; x_wconf 82' lang='lat' dir='ltr'><em>Ad</em></span> <span class='ocrx_word' id='word_1_234' title='bbox 281 3241 400 3305; x_wconf 79' lang='lat' dir='ltr'><em>metulla</em></span> <span class='ocrx_word' id='word_1_235' title='bbox 424 3241 551 3320; x_wconf 82' lang='lat' dir='ltr'><em>proxime</em></span> <span class='ocrx_word' id='word_1_236' title='bbox 572 3239 715 3304; x_wconf 81' lang='lat' dir='ltr'><em>accedunt</em></span> <span class='ocrx_word' id='word_1_237' title='bbox 734 3243 884 3304; x_wconf 80' lang='lat' dir='ltr'><em>&#39;semime-</em></span> 
     </span>
     <span class='ocr_line' id='line_1_40' title="bbox 84 3315 884 3398; baseline -0.003 -14"><span class='ocrx_word' id='word_1_238' title='bbox 84 3319 159 3384; x_wconf 85' lang='lat' dir='ltr'><em>talla</em></span> <span class='ocrx_word' id='word_1_239' title='bbox 182 3315 321 3397; x_wconf 78' lang='lat' dir='ltr'><em>,fossilia</em></span> <span class='ocrx_word' id='word_1_240' title='bbox 343 3342 446 3398; x_wconf 84' lang='lat' dir='ltr'><em>nempe</em></span> <span class='ocrx_word' id='word_1_241' title='bbox 464 3343 502 3384; x_wconf 84' lang='lat' dir='ltr'><em>ex</em></span> <span class='ocrx_word' id='word_1_242' title='bbox 520 3317 641 3383; x_wconf 80' lang='lat' dir='ltr'><em>metallo</em></span> <span class='ocrx_word' id='word_1_243' title='bbox 662 3368 671 3395; x_wconf 89' lang='lat'>,</span> <span class='ocrx_word' id='word_1_244' title='bbox 694 3317 727 3382; x_wconf 76' lang='grc' dir='ltr'><em>δε</em></span> <span class='ocrx_word' id='word_1_245' title='bbox 750 3317 884 3396; x_wconf 80' lang='lat' dir='ltr'><em>adjunliu</em></span> 
     </span>
     <span class='ocr_line' id='line_1_41' title="bbox 81 3397 884 3478; baseline -0.005 -14"><span class='ocrx_word' id='word_1_246' title='bbox 81 3401 151 3478; x_wconf 75' lang='lat' dir='ltr'><em>sule,</em></span> <span class='ocrx_word' id='word_1_247' title='bbox 175 3398 220 3464; x_wconf 85' lang='lat' dir='ltr'><em>vel</em></span> <span class='ocrx_word' id='word_1_248' title='bbox 243 3397 377 3476; x_wconf 85' lang='lat' dir='ltr'><em>sulphure</em></span> <span class='ocrx_word' id='word_1_249' title='bbox 398 3418 610 3476; x_wconf 80' lang='lat' dir='ltr'><em>coagmentata.</em></span> <span class='ocrx_word' id='word_1_250' title='bbox 631 3407 812 3463; x_wconf 81' lang='lat' dir='ltr'><em>Suntautem</em></span> <span class='ocrx_word' id='word_1_251' title='bbox 834 3401 884 3461; x_wconf 84' lang='lat' dir='ltr'><em>Vi·</em></span> 
     </span>
     <span class='ocr_line' id='line_1_42' title="bbox 81 3479 883 3622; baseline -0.001 -78"><span class='ocrx_word' id='word_1_252' title='bbox 81 3481 198 3566; x_wconf 84' lang='lat' dir='ltr'><em>trt&#39;ulu,</em></span> <span class='ocrx_word' id='word_1_253' title='bbox 218 3479 254 3548; x_wconf 85' lang='lat' dir='ltr'><em>de</em></span> <span class='ocrx_word' id='word_1_254' title='bbox 275 3481 376 3560; x_wconf 86' lang='lat' dir='ltr'><em>quibus</em></span> <span class='ocrx_word' id='word_1_255' title='bbox 398 3501 485 3558; x_wconf 63' lang='lat' dir='ltr'><em>supra,</em></span> <span class='ocrx_word' id='word_1_256' title='bbox 505 3482 590 3559; x_wconf 75' lang='lat' dir='ltr'><em>(Art.</em></span> <span class='ocrx_word' id='word_1_257' title='bbox 608 3480 679 3558; x_wconf 76' lang='grc' dir='ltr'><em>Π),</em></span> <span class='ocrx_word' id='word_1_258' title='bbox 702 3480 883 3622; x_wconf 56' lang='lat' dir='ltr'><em>Arsetgmm,</em></span> 
     </span>
    </p>

    <p class='ocr_par' dir='ltr' id='par_1_5' title="bbox 743 3566 843 3624">
     <span class='ocr_line' id='line_1_43' title="bbox 743 3566 843 3624; baseline 0 0"><span class='ocrx_word' id='word_1_259' title='bbox 743 3566 783 3624; x_wconf 72' lang='lat' dir='ltr'><em>CO</em></span> <span class='ocrx_word' id='word_1_260' title='bbox 802 3585 843 3624; x_wconf 63' lang='lat' dir='ltr'><em>tls-</em></span> 
     </span>
    </p>
   </div>
   <div class='ocr_carea' id='block_1_4' title="bbox 0 0 1090 4078">
    <p class='ocr_par' dir='ltr' id='par_1_6' title="bbox 0 0 1090 4078">
     <span class='ocr_line' id='line_1_44' title="bbox 0 0 1090 4078; baseline 0 0"><span class='ocrx_word' id='word_1_261' title='bbox 0 0 1090 4078; x_wconf 95' lang='lat' dir='ltr'><em> </em></span> 
     </span>
    </p>
   </div>
  </div>
 </body>
</html>
