2190 4080
221 207 287 270 est
481 199 663 266 .Elemtnta
800 209 817 242 ·‘'
915 271 918 284 Ι

191 298 298 342 eantur
320 280 534 357 (numam
559 282 586 354 >z
607 301 656 344 aer
673 279 769 357 *igitur
787 279 824 344 id
847 278 1002 356 proximas
1073 283 1075 398 l

193 351 313 422 chordas
334 359 476 437 incurrit,
506 381 576 434 quas
607 363 741 438 repetitis
762 358 862 422 idlibus
882 360 999 425 sollici-

191 455 239 501 tat
262 437 302 500 ad,
318 437 431 502 similes.
443 438 639 504 oscillationes
649 443 705 518 ‚·.si
725 439 842 504 chorda
863 461 915 515 pro
939 463 998 506 sua

193 518 340 592 tensione,
361 515 558 597 longitudine,
576 516 610 582 ἃ
634 521 780 585 diametro
791 519 907 583 valetne
921 522 996 598 ‘pari

192 613 321 672 tempore
341 595 422 670 datas
442 617 509 660 cum
532 620 638 662 sonoro
659 618 723 664 aere
743 599 919 687 vibrationes
942 601 1007 667 ab.

151 739 154 743 .
194 675 325 754 solvere,
349 677 414 738 istae
435 677 600 758 sonabunt3
619 698 651 743 at
671 681 695 742 si
717 681 826 742 disonae
849 675 993 758 luerint,
1074 713 1075 766 q

195 756 256 818 sive
278 756 307 816 in
330 754 493 832 tardiores,
516 755 562 821 vel
570 759 883 824 celerioresexcurrant
905 760 996 824 oscil-

191 832 334 907 lationes,
355 834 429 898 aeris
450 838 624 902 vibrationes
641 841 808 912 chordarum
825 837 995 904 disonarum

190 914 389 1010 oscillationes
413 919 646 998 perturbabunt,
673 919 707 984 dt
728 918 900 997 impedient,
919 941 992 996 pro-

190 1013 290 1072 pterea
311 1014 479 1071 quiescent.

234 1099 321 1150 ¹5¹5·
340 1074 437 1140 Simile
458 1079 668 1154 phaenomenon
689 1081 787 1144 evenit
806 1078 834 1142 in
852 1075 992 1156 chordis,

191 1174 259 1230 quae
278 1173 440 1220 consonant
462 1159 492 1220 in
513 1159 632 1237 quinta,
662 1177 792 1235 quarta,
820 1158 905 1221 tertia
926 1155 992 1222 &c

192 1235 329 1314 Etenim,
351 1236 374 1298 si
394 1235 460 1300 duae
483 1241 643 1304 habeantur
664 1240 780 1308 cbordae
800 1257 935 1302 consonae
959 1239 993 1300 in

191 1313 290 1377 ossava
312 1363 321 1392 ,
350 1316 392 1380 ita
416 1334 520 1393 nerone
541 1338 573 1382 ut
595 1341 652 1396 quo
674 1339 806 1395 tempore
827 1339 884 1384 una
907 1325 989 1380 suarna

124 1403 127 1408 '
190 1392 315 1458 absolvit
336 1393 542 1474 vibrationent,
565 1398 656 1464 altera
677 1400 743 1466 bina
765 1394 907 1475 perficiat,
930 1399 989 1475 agi·

191 1491 257 1536 tata
278 1476 364 1551 priori
384 1479 527 1541 resonabit
543 1477 582 1542 ἃ
603 1480 693 1549 altena
715 1527 723 1555 ,
746 1497 812 1551 quae
834 1494 935 1540 tamen
961 1481 991 1540 in

190 1553 262 1616 duas
282 1553 373 1616 veluti
395 1559 490 1634 partes
509 1556 649 1620 dividitur
674 1557 801 1632 aequales
823 1603 832 1631 ,
861 1577 991 1630 quarum

190 1653 386 1710 unaquaque,
409 1633 511 1710 puntlo
533 1636 628 1698 medio
650 1638 829 1711 quiescente,
851 1635 995 1700 vibratur

187 1713 272 1778 simili
292 1728 420 1787 temnere
438 1733 510 1776 cunr
529 1715 636 1778 chorda
655 1713 805 1790 breviori,
826 1715 851 1776 si
874 1715 992 1793 longior

190 1809 236 1855 ter
257 1791 403 1869 vibretur,
432 1813 489 1869 quo
509 1810 638 1872 tempore
658 1795 773 1859 brevior
793 1794 883 1856 semel
905 1795 989 1860 oscil-

189 1871 262 1946 lat,
292 1870 431 1934 dividitur
461 1871 572 1949 longior
599 1875 628 1936 in
661 1893 721 1940 tres
741 1871 869 1949 aequales
892 1894 988 1951 partes

83 1970 86 1980 ·
189 1949 291 2018 mediis
312 1951 421 2028 pundlis
442 1954 653 2030 quiescentibus
675 1975 834 2030 ,quarum
849 1975 983 2032 unaquae-

189 2052 247 2110 que
265 2054 333 2097 eum
354 2033 487 2098 breviori
502 2035 665 2125 isocbrotnas
693 2035 872 2100 vibrationes
895 2034 984 2100 absol·

188 2111 252 2175 vit.
273 2117 318 2176 Ec
334 2113 505 2188 generaliter
525 2115 679 2192 loquendo,
699 2119 986 2196 quamcunqueinter

188 2211 220 2254 se
238 2193 392 2257 obtineant
414 2196 555 2258 rationem
576 2195 691 2260 chordae
713 2213 808 2269 partes
830 2246 839 2273 ,
861 2199 890 2259 in
913 2197 985 2260 toti·

154 2329 155 2332 ,
187 2271 256 2334 dem
279 2273 370 2337 veluti
393 2274 517 2350 aequales
527 2273 913 2353 singulaedividuntut,tot
934 2274 984 2340 ad·

189 2351 285 2413 missis
305 2351 417 2426 pundlis
435 2355 616 2420 intermediis
643 2355 884 2436 quiescentibus,
912 2375 986 2433 quot

185 2430 223 2494 ab
242 2429 291 2494 illa
312 2433 428 2497 ratione
446 2437 665 2512 exprimuntur:
683 2437 780 2512 sicque
796 2437 859 2500 soni
877 2437 987 2501 similes

185 2509 223 2575 ab
243 2527 366 2590 utraque
385 2513 491 2579 chorda
511 2565 521 2592 ,
550 2534 700 2595 uacuoque
719 2517 839 2582 diversae
861 2515 984 2594 longitu-

186 2589 262 2655 dinis
283 2589 414 2672 fuetint,
434 2598 660 2673 exprimuntur.
690 2600 739 2661 Ne
765 2619 831 2661 vero
848 2595 983 2682 rdodltina

187 2667 291 2734 isthaec
311 2673 347 2736 de
366 2675 482 2752 ponetis,
498 2677 712 2753 quiescentibus
733 2677 768 2740 ad
787 2677 901 2742 libitum
921 2676 983 2742 flua
1076 2721 1077 2724 =

185 2748 319 2816 videatur
342 2799 352 2828 ,
379 2773 466 2828 parva
493 2759 626 2821 chartula
651 2777 703 2836 per
721 2757 855 2822 chordam
874 2757 980 2845 longio·
1076 2777 1077 2836 ξ

185 2849 248 2894 rem
268 2831 448 2910 trajiciatur,
474 2857 509 2898 ea
543 2837 573 2898 in
598 2839 676 2900 omni
697 2859 866 2915 quocunque
886 2836 949 2902 loco
971 2886 983 2918 ,

189 2907 259 2972 dum
280 2927 396 2978 resonat
415 2913 530 2989 chorda,
552 2919 773 2998 contremiscet,
792 2936 983 2997 praeterquam

193 2989 222 3054 in
244 2987 325 3086 nodis
334 3039 348 3087 ,ι
364 2993 426 3056 sive
447 2992 558 3064 eundlis
579 2999 813 3078 quiescentibus,
833 2999 983 3076 inquibus

185 3087 320 3150 persistet
341 3089 478 3135 rosmota.
792 3129 798 3138 .

228 3164 315 3226 asts.
336 3151 488 3222 Corelli.
508 3157 603 3220 Ratio
622 3177 705 3235 patet
725 3207 734 3235 ,
762 3181 815 3224 eur
833 3159 871 3224 nd
889 3177 983 3226 certos

183 3251 269 3293 sonos
305 3229 437 3307 quaedam
465 3256 582 3311 corpora
620 3239 793 3303 sensibiliter
828 3241 982 3305 contremi—

183 3327 287 3389 scant,
308 3312 428 3376 imrnnta
452 3333 519 3380 vero
538 3337 706 3382 remaneant
727 3319 764 3381 ad
782 3339 870 3384 sonos
890 3320 999 3384 multo·

182 3393 325 3472 majores:
343 3392 386 3458 sic
404 3394 570 3462 &servavit
591 3400 770 3466 Rohaultius
791 3401 826 3466 in
844 3401 924 3468 bello
938 3402 983 3464 ei·

862 3500 948 3548 treas

965 3586 968 3620 l
