2152 4078
263 250 300 304 μ
462 235 481 244 ··
547 221 703 288 Elementa

223 309 336 386 casibus
355 297 466 370 serrum
487 305 680 381 magneticam
702 301 762 366 viru
782 301 985 368 mamsensim
1009 325 1042 373 a·

224 387 344 463 mittet3
365 383 593 452 &contrariam
618 381 737 449 tandem
758 386 899 464 acquum.
922 385 959 448 ln
981 389 1045 453 bac

226 467 320 534 etiam
341 467 496 547 hypothesi
517 483 639 530 neeesse
657 481 703 529 est
723 481 792 529 atus
820 485 929 532 versus
943 481 1041 530 terrae

129 589 141 614 ·.
223 546 327 626 'pulum
348 546 525 626 inclinetur,
545 545 750 622 eoque'rnagis
768 595 777 625 ‚
798 568 856 625 quo
877 544 916 610 ad
935 545 1046 624 polum

230 629 321 704 magis
341 628 478 706 aceedit,
513 647 579 690 cum
602 624 727 690 liuidum
749 626 784 690 ad
805 646 912 694 terram
936 645 1041 691 versus

236 707 316 792 polos
338 709 515 773 inclinetur.
536 705 683 771 Attradlio
703 723 804 774 autem
825 758 834 788 ,
856 705 890 772 dc
911 707 1045 784 repulsio

233 787 355 854 eandem
376 804 536 866 agnoscunt
556 807 691 854 caussam
710 835 718 862 ,
739 807 826 866 quarn
846 787 1040 854 attendliones

233 867 267 932 dt
287 869 463 945 repulsiones
478 867 642 947 ,eled-'irim
663 889 767 945 nempe
789 869 967 936 ambientem
990 891 1040 938 aa·

160 976 161 984 ¹
232 969 293 1013 rem
311 952 327 1028 Ι(
348 956 457 1026 ¹⁶·548·
479 949 504 1026 ).
527 948 582 1014 Vel
601 947 659 1014 dici
678 950 770 1014 etiarn
791 967 890 1026 potest
908 951 1040 1016 rotrico-

229 1047 293 1096 sun
317 1029 472 1107 magnerici
493 1027 604 1094 efflurii
627 1048 740 1097 motum
762 1050 915 1108 accessus,
934 1027 970 1096 dt
990 1051 1040 1094 re·

229 1131 329 1175 cessus
349 1112 527 1188 producere,
550 1109 690 1188 siquidem
709 1106 837 1174 fluidum
858 1113 967 1187 ingenti
992 1109 1038 1175 sa·

230 1191 348 1256 uilitate
367 1189 401 1258 dt
422 1191 582 1256 velocitate
602 1188 720 1271 serrum,
742 1213 777 1258 ac
798 1211 967 1270 magnetem
987 1211 1038 1270 pe·

228 1291 375 1358 petrano,
405 1289 473 1350 post
502 1291 648 1350 egressum
677 1273 750 1338 attis
770 1275 968 1338 resistentiam
989 1269 1036 1336 uf-

227 1350 367 1422 lendens.
388 1355 423 1417 ad
444 1352 571 1433 corporis
594 1367 692 1434 terga,
723 1356 786 1420 siue
806 1353 903 1431 polum
925 1355 1037 1432 ingres·

227 1451 277 1494 sus
297 1451 445 1509 recurret,
467 1453 553 1510 quem
575 1427 689 1500 facilius
710 1433 859 1515 pervadet,
878 1454 970 1510 quarn
989 1455 1038 1498 re-

229 1511 338 1586 liquum
360 1511 485 1577 fluidum
506 1512 654 1587 ambiens,
683 1535 699 1577 a
723 1537 782 1592 quo
801 1531 953 1594 propteroa
976 1511 1038 1580 fer-

228 1597 292 1663 'rum
316 1610 414 1656 tersus
434 1611 598 1671 magnetem
619 1595 796 1676 propelletur
812 1600 835 1675 ‚·'
855 1593 903 1660 ubi
932 1611 1039 1663 aurem

231 1671 339 1736 inimici
362 1673 417 1749 poli
428 1675 480 1738 sibi
491 1675 700 1754 obvertanrur,
723 1695 868 1742 torrentes
889 1673 977 1739 fluidi
1001 1681 1035 1741 in

228 1771 260 1814 se
282 1753 471 1832 impingentes
492 1775 578 1834 agent
598 1777 715 1836 corpora
725 1757 761 1822 ad
771 1777 933 1824 recessum.
956 1761 1039 1822 Tan-

201 1831 294 1906 dem
321 1855 389 1900 tum
419 1855 564 1902 armatura
583 1835 697 1904 deserat
726 1835 850 1906 fluidum
883 1839 1034 1902 verticoso

227 1931 311 1978 motu
334 1916 369 1976 ad
390 1916 488 1992 polum
509 1917 686 1998 regrediens,
708 1919 773 1992 ideo
794 1923 949 1984 inarmato
970 1941 1035 1983 ma·

227 2013 316 2070 gnere
336 1993 440 2062 fluxos
455 2000 615 2078 copiosior,
629 1996 677 2064 ¹&
705 2001 826 2069 celerior
852 2001 911 2064 virn
932 1999 1037 2066 reddat

155 2128 156 2132 ,
227 2071 395 2142 fortiorem.
424 2083 467 2151 Ex
489 2081 596 2158 quibus*
611 2080 750 2158 intelligis
778 2083 932 2149 maximam
963 2103 1035 2145 ana-

226 2154 333 2233 logiam
354 2159 526 2236 deprehendi
547 2166 625 2226 inter
645 2161 770 2228 liuidum
790 2161 978 2240 eledlticum,
1001 2162 1036 2228 ἃ

226 2241 420 2312 magneticum
443 2246 454 2321 l
476 2265 503 2311 n.
515 2267 571 2322 547
594 2243 617 2320 l,
638 2243 708 2308 licet
730 2242 855 2308 fortasse
879 2267 934 2307 non
958 2241 1038 2310 idem

173 2395 174 2400 ἵ
226 2320 290 2394 sit,
312 2339 379 2383 cum
399 2325 580 2402 magnetica,
610 2325 728 2400 perinde
748 2347 781 2387 ac
801 2325 909 2400 reliqua
930 2337 1037 2404 corpo·

227 2415 279 2475 ra,
300 2397 522 2470 eledlrificenrur
543 2406 624 2468 salvo
644 2405 847 2480 magnetum,
869 2425 925 2468 nec
947 2409 1037 2470 attri-

228 2481 335 2550 tussit
356 2487 533 2562 necessarius
551 2483 586 2548 ad
607 2483 666 2550 vim
688 2481 882 2560 magnetitam
899 2488 1036 2552 excitan-

226 2558 323 2638 dam,
354 2580 389 2625 ut
418 2564 453 2626 ad
481 2565 541 2626 vin
570 2559 734 2626 eleuricam
756 2566 934 2628 necessarios
955 2582 1033 2647 esrt

228 2661 281 2704 nec
301 2643 356 2704 alia
380 2587 511 2707 eleuricd
530 2649 733 2721 phaenomena¹
749 2665 778 2708 a
794 2649 961 2722 magnerico
986 2647 1035 2712 ef·

227 2719 326 2788 fluvio
345 2725 550 2804 exhibeantur,
572 2723 609 2791 de
629 2726 732 2800 quibus
752 2747 835 2804 supra
857 2727 1035 2805 (n.530).“

376 2879 769 2952 AR'TICULUS
812 2889 881 2992 lli.

236 3065 239 3074 ,
303 3029 306 3034 ·
365 3007 410 3066 De
432 3007 581 3086 Metellis,
602 3007 645 3086 lp·
665 3007 893 3078 semimttallir.

269 3133 334 3193 842.
359 3120 510 3204 Definitio.
532 3130 686 3196 Metallum
697 3148 743 3198 est
764 3153 869 3210 corpus
889 3129 1033 3217 densum,

226 3201 412 3292 eratspatium,
434 3207 539 3275 malleo
559 3212 663 3295 dudlile
685 3263 694 3291 ‚
713 3233 748 3278 ac
770 3215 836 3294 igne
856 3212 1013 3292 liquabile.

271 3295 337 3364 ⁸43·
365 3293 420 3350 Sex
449 3307 519 3355 sunt
538 3292 657 3357 metalla
678 3294 812 3358 omnibus
833 3311 902 3358 nota
925 3313 933 3353 r
967 3302 1033 3358 'Au-

226 3374 311 3448 itum
339 3373 518 3452 Argentum,
558 3377 720 3452 Capram,
751 3378 897 3452 Ferrum,
928 3373 1033 3438 Plum-

225 3449 292 3510 lum
313 3448 492 3530 candidam,
521 3455 778 3534 evestamum,
805 3454 848 3528 dp
874 3453 1033 3519 Plarmbuna

227 3531 362 3613 nfgutm·
395 3533 605 3625 Hydrargirunr
634 3535 713 3603 enim
743 3535 972 3682 amerallorunli
988 3533 1032 3598 fa·

911 3639 991 3685 tntu
