2174 4084
212 237 268 306 15⁶
499 219 653 287 Elementa

169 311 210 374 sit
233 302 380 386 perceptio
409 301 537 381 pluribus
557 299 700 364 similibus
720 297 912 364 communis:
942 299 981 368 &

169 388 354 455 ratiocinium
378 385 416 447 sit
439 384 588 460 perceptio
608 403 645 444 ex
666 377 724 442 alia
746 397 891 460 sequens;
909 384 985 448 hinc

169 488 269 535 autem
290 465 420 542 sequitur
442 461 474 527 dt
495 465 524 526 in
546 462 639 526 brutis
661 459 818 538 memoria,
844 483 911 538 quae
934 485 985 528 re.

171 569 235 615 rum
259 547 474 625 praeteritarum
494 540 761 618 reminiscentiam,
791 537 826 604 ὃ(
845 562 984 620 apperte.

85 623 87 632 ¹
170 631 300 712 ptionem
321 627 475 704 importat.
505 620 769 714 Habentnuitenius
789 621 875 686 bruta
896 621 982 688 iiber-
1053 616 1054 628 ¹

172 731 266 776 tatem
278 727 288 789 ,·
309 706 465 772 cumeninr
487 706 543 766 sita
566 704 604 764 sit
627 723 657 762 in
678 705 867 778 exemptione
888 725 984 768 acua-
1053 731 1056 774 ς

171 791 285 866 dione,
306 787 339 850 ἀ
359 789 388 848 in
399 784 631 862 spontaneitute,
651 801 739 858 quant
762 781 909 858 ptaecedat
929 786 984 850 ob·
1055 779 1056 810 ¹

173 871 236 952 jetti
260 867 436 946 perceptio,
468 877 532 926 non'
562 861 678 926 videtur
703 861 792 924 brutis
819 865 952 939 neganda
973 884 984 946 3
1056 903 1058 912 ,

173 972 260 1026 nem,
280 948 306 1010 si
325 945 404 1010 canis
425 941 503 1008 fame
519 943 647 1020 agitatus
669 961 685 1004 a
708 941 772 1006 cibo
792 941 918 1007 obstinet
940 947 999 1018 τὴ
1056 955 1058 958 ’

175 1051 257 1096 mens
280 1049 315 1090 oe
336 1022 484 1102 vapulet,
513 1024 541 1088 id
563 1039 646 1087 certe
664 1022 758 1086 oritur
778 1042 811 1084 er
831 1023 859 1084 ti
888 1043 978 1101 agen-

172 1111 219 1189 di,
240 1106 274 1172 ἃ
294 1123 358 1169 oon
371 1103 476 1182 agendi
496 1153 505 1184 ,
534 1121 622 1181 arque
640 1123 676 1168 er
698 1103 913 1204 conparatione
933 1101 981 1170 fe·

174 1195 228 1256 mis
247 1209 315 1254 cnm
344 1185 527 1268 verberibus,
549 1203 615 1261 quae
638 1184 749 1263 judicat
772 1181 983 1268 intolerabilio-

173 1294 220 1336 re.
241 1263 481 1334 concludendum
501 1286 595 1343 ergo,
627 1285 641 1328 a
665 1261 758 1328 futuit
781 1279 812 1330 te
831 1265 980 1408 cogigndi

174 1354 234 1416 vim
255 1346 474 1423 ratiocinandi,
503 1343 680 1421 &eligendi
713 1363 779 1420 sepa
813 1345 836 1408 ri
864 1343 892 1408 di
926 1345 982 1415 ciie

174 1452 273 1512 posse3
295 1428 425 1504 adeoque
447 1425 559 1490 nullum
582 1426 658 1490 inter
679 1419 864 1502 operationes
884 1428 980 1489 homi·
1057 1473 1061 1478 -

179 1533 269 1590 num,
297 1530 332 1573 oc
352 1509 504 1571 brutorum
523 1523 678 1602 suppetere
697 1495 863 1583 specificuui
884 1506 986 1571 discti·
1047 1587 1052 1596 .

175 1610 363 1752 meditamen
385 1671 440 1730 hoe
461 1637 618 1732 discrimen
647 1665 745 1732 habeti
772 1653 986 1748 eontedetur3

176 1773 235 1815 non
257 1765 406 1829 propterea
427 1749 522 1812 anima
538 1745 662 1812 belluino
683 1744 805 1813 diuersae
825 1748 861 1811 ab
881 1753 986 1812 hume-

17 1841 19 1846 '
76 1911 79 1916 ⁵
176 1852 214 1898 ua
236 1849 352 1914 neturae
372 1827 568 1907 dicendaest·,
589 1845 711 1905 possunt
732 1832 811 1895 enirn
832 1829 986 1892 brutorum

178 1914 363 1990 operationes
383 1929 446 1972 esse
476 1913 584 1974 nostris
606 1907 784 1988 dise-imiies,
813 1909 891 1987 qood
910 1911 987 1986 ipsa-

180 2013 244 2058 tntn
264 2012 370 2069 organa
391 2012 409 2053 a
430 1989 659 2054 nostris-diversa
679 1991 759 2054 sintr
778 1993 869 2054 Certe
891 1987 986 2053 infan-

179 2076 218 2139 tis
237 2074 419 2154 operationes
438 2070 621 2135 differuntub
641 2068 732 2132 adulti
753 2071 877 2136 hominis
898 2068 986 2134 adio·

181 2155 265 2218 nibus
283 2179 294 2217 .·
312 2173 419 2229 neque
448 2167 547 2216 tamen
569 2148 692 2214 infantis
714 2152 809 2216 aoinm
828 2153 868 2214 ab
893 2151 988 2215 adnisi

180 2252 281 2304 mente
301 2229 433 2310 specifice
474 2231 586 2297 diversa
605 2233 744 2310 asseritur
752 2251 764 2310 ,·
785 2231 861 2296 idem
882 2229 920 2296 de
939 2253 986 2296 se-

180 2335 236 2392 ne,
256 2314 306 2390 qui
327 2331 530 2390 repuerascat,
568 2309 604 2375 de
625 2330 743 2374 amente
773 2311 830 2376 dici
850 2310 988 2376 similiter

182 2409 302 2474 potest,
319 2411 442 2472 quorum
464 2395 571 2458 animae
592 2391 622 2454 in
643 2389 785 2471 perfetio,
806 2411 841 2454 ae
860 2393 985 2455 robuste

180 2493 300 2550 corpore
319 2470 415 2534 muieo
440 2471 527 2536 aliter
561 2489 751 2550 operarentur
769 2517 776 2532 .
804 2470 893 2536 Addit
908 2511 911 2516 s
924 2471 986 2534 Ad

181 2553 342 2632 versarint,
363 2572 477 2632 teratu,
507 2573 573 2628 quae
603 2575 688 2616 unam
711 2555 924 2632 impressionem
944 2575 987 2618 re·

133 2655 135 2660 ’
181 2639 276 2714 cipere
297 2635 395 2712 uniet,
424 2653 506 2711 posse
525 2631 560 2697 dc
580 2632 651 2697 alias
671 2655 858 2712 quascunque
879 2635 986 2712 recipe-

176 2735 230 2779 re:
252 2717 315 2792 pori
338 2711 424 2778 modo
444 2715 562 2792 anima,
577 2735 646 2792 quae
664 2717 800 2794 cogitet,
820 2737 907 2794 caper
928 2715 984 2778 trit

182 2797 391 2873 cujuscumque
411 2795 619 2868 cogitationis:
640 2795 815 2864 itemnnima
838 2797 985 2860 Aristote-

183 2875 236 2951 lis,
256 2895 291 2936 ac
309 2873 480 2949 Ciceronis,
502 2872 571 2938 duro
591 2879 809 2942 onnumaetatis
830 2877 985 2955 habebant,

184 2975 244 3018 non
266 2951 351 3015 aiiter
371 2952 563 3034 operabatur,
591 2975 678 3033 quom
701 2958 797 3024 anima
818 2954 988 3022 brutorum:

183 3033 344 3113 eodemque
363 3053 483 3111 semper.
496 3035 582 3099 modo
602 3038 762 3114 cogitasset
782 3040 844 3116 ‚si
862 3037 989 3114 corporis

184 3137 289 3194 organa
311 3135 459 3193 nunquam
489 3117 655 3182 evasissent
683 3111 880 3196 perfeuiom.
909 3120 992 3180 Tan-

183 3197 281 3273 dem,
310 3199 367 3260 etsi
388 3195 484 3260 Brutis
506 3191 629 3284 perfode
659 3193 778 3263 iibert'es
798 3202 960 3279 denegetur
983 3245 993 3276 ,

181 3293 245 3340 ‘non
263 3295 416 3356 propterea
444 3298 545 3340 eorum
568 3279 665 3366 anima
685 3279 722 3343 ab
740 3283 868 3344 humana
898 3283 995 3358 specie

182 3359 445 3422 dicriminabitor:
465 3358 490 3420 si
508 3357 725 3424 eniminiuntes
745 3360 870 3438 perfetta
891 3379 994 3424 cenent

172 3439 335 3513 riiiertate,
357 3458 450 3514 neque
470 3435 577 3500 idcirco
598 3439 693 3503 anima
714 3443 879 3518 gendent‘a
903 3443 996 3503 rario-

185 3516 243 3582 naii
261 3517 392 3596 diversa,
412 3538 473 3594 *cur
493 3539 550 3580 non
572 3519 647 3582 idem
670 3521 707 3584 de
727 3523 819 3586 brutis
842 3521 994 3586 dicamus?

881 3623 955 3664 rtem
