2152 4078
126 260 128 264 ,
341 208 473 288 Phyma
493 213 706 279 Particularis.
824 241 861 296 39

97 287 224 366 stasim,
245 289 274 352 ri
294 293 386 370 cujus
400 289 452 371 lit,
473 311 506 356 ut
530 313 637 361 aestate
656 294 766 377 frigus,
795 301 900 376 hyeme

93 370 174 434 calor
193 371 229 436 ab
248 377 439 450 etmosplraera
461 375 595 450 expulsus
616 376 651 440 ad
682 395 767 443 terrac
789 382 899 445 uiscera

93 449 270 530 confugiat.
298 455 377 518 Cum
398 470 499 520 temen
517 475 617 520 sensus
636 460 730 522 nostri
754 459 899 540 judicium

93 529 172 598 ferre
192 551 341 612 nequeant
361 551 530 599 accuratum
550 541 626 602 circo
647 538 780 619 caloris,
810 537 901 618 frigo-

92 616 192 691 risque
211 615 421 699 praesentiam,
446 613 479 680 dc
499 620 609 696 copiam
630 638 641 698 3
668 619 797 684 sensibus
817 624 898 688 enirn

92 693 335 761 incalescentibus
357 713 552 777 temperatum
580 719 718 776 appareat
737 701 866 766 calidum
889 751 900 782 ,

91 779 161 840 hine
184 777 380 842 Recentiores
402 779 518 856 Physici
539 781 644 843 tutiori
665 783 753 848 innixi
772 783 901 860 caloris,

91 853 270 935 frigorisque
286 858 435 938 criterio,
464 879 567 938 nempe
588 863 828 942 thermometro„
848 862 899 926 de-

90 937 308 1016 prehenderunt
336 938 463 1002 eandem
482 957 656 1005 constanter
674 944 846 1020 temperiem
867 944 898 1006 in

78 1019 288 1086 'subterraneis
307 1017 379 1081 locis
401 1068 410 1096 ,
438 1039 505 1095 quae
541 1037 676 1084 mutatur
696 1021 897 1099 quandoque,

90 1097 175 1165 nullo
195 1099 295 1164 habito
313 1097 349 1162 ad
370 1101 580 1174 atmosphaerae*
606 1101 774 1174 temperiem
805 1120 898 1178 respe·
956 1134 959 1139 “

91 1178 150 1246 liu.
170 1179 253 1248 Hinc
273 1179 302 1242 in
324 1174 524 1252 profunditate
547 1188 585 1251 84
603 1179 711 1256 pedum
733 1181 898 1245 obseruato-
970 1185 972 1188 ’

92 1259 128 1322 rii
149 1259 277 1337 parisini,
296 1257 333 1322 ad
353 1259 474 1324 eandem
496 1279 570 1337 pene
589 1258 776 1325 altitudinem
798 1279 898 1326 manet

92 1356 166 1406 toto
184 1359 266 1402 anno
281 1359 437 1417 suspensus
463 1341 652 1420 mercurius,
681 1362 715 1406 ac
744 1343 897 1419 temperiei

90 1418 212 1496 gradum
235 1419 361 1485 medium
381 1422 459 1485 inter
479 1419 587 1501 frigus,
609 1420 643 1490 ἃ
663 1423 789 1486 calorem
798 1439 898 1487 osten·

90 1501 150 1564 dit:
172 1499 308 1567 similiter
328 1503 359 1565 in
381 1504 452 1567 mari
474 1501 509 1567 ad
534 1503 644 1568 sariam
665 1500 897 1579 profunditatem

90 1580 283 1658 deprehendit
304 1581 428 1650 eandem
449 1587 618 1672 temperiem
635 1589 761 1650 ¹Comes
790 1569 899 1648 Maisi·

89 1663 185 1741 plius.
213 1669 317 1742 Neque
338 1667 417 1728 enim
437 1666 541 1733 mirum
562 1685 627 1730 esse
647 1665 735 1732 debet
754 1665 901 1730 subterra·

90 1759 183 1812 neem
217 1745 349 1812 colorem
372 1767 440 1810 cum
454 1748 698 1824 -atmnsplraerico'
714 1745 824 1811 nullam
845 1749 899 1808 lra-

89 1829 158 1896 bere
178 1829 355 1904 rationem'3
386 1829 625 1902 stmosplraericus
655 1828 795 1903 siquidem
817 1825 899 1889 calor

13 1937 16 1944 Α
89 1926 136 1974 est
158 1927 175 1970 a
196 1905 281 1971 radiis
303 1905 394 1986 solis,
415 1927 538 1984 quorum
562 1905 640 1969 calor
660 1906 796 1970 tellurem
817 1905 895 1971 ultra

94 2008 141 2068 ro,
164 1987 210 2052 vel
235 2011 270 2055 re
293 1984 378 2064 pedes
400 2007 457 2048 non
479 2001 626 2062 penetratp
647 1987 734 2056 sicuti
755 1987 842 2064 ratio,
862 1983 897 2053 ἀ

89 2070 269 2148 experientia
290 2065 431 2141 suadeot3
451 2065 529 2126 color
549 2085 619 2128 uero
641 2065 898 2130 subterraneusest

95 2159 112 2215 n
135 2151 232 2212 causis
254 2145 355 2210 telluri
377 2144 488 2206 intimis
507 2159 576 2208 mor
595 2143 790 2222 explicandis.

134 2231 259 2306 854.1n
282 2225 352 2288 locIs
372 2223 568 2290 subterraneis
589 2224 829 2301 praererealorem
851 2245 899 2302 ap·

92 2331 193 2389 parere
212 2305 388 2386 quandoque
408 2307 488 2383 ignes
509 2302 727 2380 fatuosnntis‘
742 2325 788 2372 est
802 2313 899 2371 ''Mus-

92 2388 351 2466 schembroeltius‚
373 2387 432 2451 imo
453 2407 588 2460 vaporem
610 2384 827 2468 fulminantem,
846 2389 899 2465 qui
926 2443 928 2448 ,

89 2494 158 2541 eum
179 2467 380 2549 accenditur,
409 2467 597 2536 metallorum
618 2467 866 2543 fo‘ssoresenecat
889 2517 899 2547 ,

30 2573 37 2588 ·
91 2555 121 2617 in
143 2551 262 2618 mineris
282 2548 439 2628 aliquando
459 2550 573 2628 explodi
595 2569 738 2618 memorat
758 2549 897 2613 Halesins

90 2651 157 2698 tum
179 2631 262 2710 aliis,
285 2631 322 2695 de
342 2631 445 2707 quibus
467 2635 497 2693 P.
507 2632 655 2694 Beccarias
668 2629 901 2710 'lElettricismo

89 2713 227 2780 naturale
246 2726 312 2790 cap.
333 2715 399 2778 Vll.
419 2711 448 2786 ).
471 2715 570 2788 ignem
592 2713 683 2776 etiam
704 2709 899 2786 silvestrem,

89 2809 142 2861 aut
164 2813 259 2865 aerem
280 2793 490 2871 percutientem
515 2793 543 2856 in
566 2792 761 2857 subterraneis
777 2790 901 2856 locisin·

90 2878 164 2954 juria
190 2893 354 2954 temporum
375 2872 480 2938 dirutis
502 2873 667 2938 observavit
689 2893 778 2952 eques
804 2871 900 2936 Rubi-

89 2957 166 3034 lsnt,·
189 2957 235 3020 hie
257 2971 358 3020 eutem
381 2955 452 3032 ignis
473 2955 584 3019 nullum
608 2955 727 3022 exhibet
736 2951 899 3019 sensibilem

90 3030 223 3101 effeflum
247 3087 257 3120 ,
288 3057 438 3116 quousque
463 3036 584 3104 accedat
604 3057 725 3100 accense
746 3033 898 3115 candela,
982 3094 985 3100 .

91 3119 176 3194 cujus
195 3113 317 3182 flamma
340 3116 530 3197 producitur,
551 3134 726 3181 attenuatur
746 3161 756 3194 ,
776 3113 810 3181 ὅτ
831 3135 899 3177 acu-

47 3212 62 3232 *
91 3197 221 3278 minatur
242 3199 271 3260 in
294 3193 418 3265 formam
439 3218 540 3276 acus,
568 3197 637 3263 inde
657 3219 746 3276 vapor
768 3193 899 3262 accendi-

92 3296 155 3356 sur,
177 3293 339 3353 magnoque
359 3279 496 3356 strepitu,
517 3275 551 3344 δι
572 3279 828 3344 circumstantium
849 3293 899 3338 ex-

92 3358 168 3422 cidio
191 3351 386 3435 disploditur3·
412 3361 466 3423 hoe
489 3361 664 3424 horrendum
685 3362 898 3436 plraenomenon

92 3440 121 3504 in
143 3439 261 3503 mineris
283 3439 425 3514 praecipue
447 3440 592 3514 contingit
615 3455 680 3516 post
702 3436 827 3514 aliquem
857 3433 900 3503 fe·

93 3523 204 3597 rictum
228 3517 325 3599 diem;
356 3514 483 3585 candelae
504 3520 581 3584 enim
603 3517 722 3586 l'iamuru
744 3518 835 3664 pEimo
857 3517 899 3589 in·

148 3621 180 3642 ··
449 3640 451 3647 ι
783 3621 859 3674 scarus
