2152 4078
277 193 421 274 Physica*
434 197 645 266 Particulnrr's.
716 275 719 283 Δ
762 215 806 278 ¹69

33 273 216 352 computatio
246 275 327 340 iuter
347 273 424 340 illius
443 285 706 357 evaporationuu,
733 278 769 346 dt
787 277 845 347 sal·

36 369 81 419 ste
103 353 274 420 naturaliter
292 375 376 432 aquae
385 360 620 434 perspicationem
641 379 675 426 ac
696 362 849 426 interrob-

40 433 150 514 jelium
171 435 294 512 ignem,
323 433 506 514 &superius
526 457 661 518 agentern
682 440 751 504 solis
770 439 851 506 calo·
947 469 955 500 a

37 534 117 578 rem.
139 517 186 592 11,
206 513 422 580 Caluraevrl'vus
443 539 501 580 non
524 521 717 587 succurrens
738 522 850 598 integro

36 615 139 670 euno,
159 595 205 658 uti
223 593 516 676 calculussupponit3
537 620 591 664 nec
611 599 742 677 quolibet
762 617 851 664 usta·

40 676 82 738 tis
103 673 154 736 die
174 673 250 738 idem
274 674 352 739 calor
372 695 563 754 perseverat.
584 683 656 760 lli,
686 682 778 746 llario
800 682 847 744 hic

37 755 309 831 habeturvaporum
334 757 412 820 horis
433 781 467 820 ra
488 778 505 821 e
527 759 849 824 mediterraneorum·

35 834 191 910 dentium,
213 851 279 900 curn
300 852 400 900 tamen
423 835 540 914 reliquis
560 839 616 903 diei
638 839 849 905 horisllumina

36 935 99 976 non
119 931 236 980 cessent
258 916 295 980 alu
310 915 502 990 munerandis
515 921 603 1000 ,aqttis
626 920 656 980 in
677 939 774 981 mure.
797 923 850 996 tv,

37 992 206 1058 Fluminum
227 993 526 1074 inaequalescauelee,
548 995 581 1058 dt
599 995 852 1073 iuaequales'undae

39 1091 193 1150 nequeunt
213 1073 250 1136 ad
268 1093 385 1136 certum
406 1093 499 1136 unum
514 1074 669 1137 calculum
689 1078 850 1139 revocarit

36 1155 115 1218 item
135 1151 285 1226 inaequalis
317 1150 519 1216 mediterranei
549 1151 678 1218 latitudo
704 1173 855 1232 nunquam

35 1231 264 1296 detemu'mam
286 1252 383 1296 aream
412 1231 509 1298 dabit.
538 1237 585 1310 V,
616 1237 665 1298 De
685 1233 854 1300 fluminibus

37 1311 238 1378 subterraneis
259 1312 294 1375 ad
317 1331 396 1375 mare
417 1333 505 1388 aquas
526 1313 855 1388 comportantibusnul-

38 1391 67 1456 ln
91 1391 128 1454 alt
147 1391 267 1470 Hnllejo
287 1389 321 1460 fit
343 1392 473 1456 mentio.
493 1394 623 1458 Tandem
644 1393 750 1471 pluviae
760 1396 852 1462 etiam

40 1475 70 1536 in
93 1493 191 1547 mare,
214 1471 329 1549 perinde
345 1493 378 1536 ac
400 1473 431 1534 in
453 1471 753 1552 telluremdecidunr,
775 1474 852 1539 unde

41 1573 144 1616 omnes
165 1573 284 1630 vapores
305 1573 322 1615 e
342 1553 413 1616 mati
434 1571 578 1618 exeuntes
596 1552 767 1618 fluminibus
798 1575 851 1616 nu-

41 1630 164 1696 triendis
187 1631 306 1697 minime
327 1631 519 1697 inserviunt.
546 1637 624 1696 llaec
643 1655 692 1699 en·
711 1637 854 1700 Ghezzio

42 1717 120 1788 (Dr
140 1712 213 1796 orig.
236 1715 322 1777 Font-
351 1729 395 1788 ep.
428 1739 440 1774 r
471 1712 507 1788 l,
535 1733 638 1778 contra
673 1715 853 1794 ltallejanum
911 1774 915 1784 ,

41 1790 202 1859 caltulum.
224 1790 348 1856 Addunt
365 1811 403 1854 er
423 1795 463 1853 D.
485 1795 553 1853 Kun
575 1798 851 1870 evaporantisauuae

41 1871 242 1951 quantitatem
272 1871 356 1948 sequi·
374 1870 516 1932 rationem
538 1873 682 1934 inversam
706 1871 855 1949 profundi·

43 1953 120 2018 tatis
140 1971 302 2029 aquarum,
321 1969 395 2026 quae.
412 1951 558 2024 proportio
582 1952 611 2012 iu
632 1951 774 2029 hallejano
793 1951 856 2017 cal-

42 2030 400 2098 smmmmn.

84 2125 155 2184 916.
175 2115 215 2174 R.
244 2105 508 2172 Hallei'calculum
536 2107 575 2170 ‘ab
594 2105 658 2170 aliis
679 2107 727 2172 Cl.
757 2109 856 2188 Viris,

42 2195 199 2270 maecipute
220 2191 319 2252 aDD.
341 2191 453 2266 Ktasr,
474 2186 507 2250 dt
530 2184 773 2252 Richmanlulsse
796 2187 861 2266 plu·

30 2273 128 2345 „ribus
151 2267 284 2346 periculis
304 2265 525 2345 confirmatum,
546 2285 580 2330 ut
596 2286 766 2348 propterea,
788 2274 863 2346 phy-

44 2343 108 2418 sice
127 2346 273 2426 loquendo
281 2353 295 2426 ,'
313 2345 400 2412 fidere
411 2347 517 2426 absque
537 2347 674 2427 scrupulo
695 2351 747 2425 ipsi
770 2350 860 2428 possi·
959 2349 962 2354 '

51 2451 140 2508 mus3
168 2451 236 2494 cunt
256 2428 422 2505 quicunque
447 2449 583 2506 excessus
613 2427 742 2493 fluvialis
771 2451 855 2506 aquae

47 2514 79 2578 iu
101 2508 289 2574 aoccalculo
318 2508 431 2572 abunde
449 2525 657 2588 compensetur
671 2529 728 2585 'per
746 2513 858 2585 copiam

48 2612 133 2670 aquae
154 2589 338 2668 evaporautls
358 2587 446 2666 triplo
465 2593 626 2668 majorem.
649 2591 693 2652 At
713 2589 860 2664 oppositas
956 2656 963 2664 ‚

47 2670 228 2736 ratiunculas
248 2667 416 2732 diluamus:
443 2674 520 2732 Cum
540 2669 661 2732 matina
690 2671 775 2744 aquae
802 2667 861 2732 sal·

50 2751 120 2816 sedo
133 2753 180 2815 sit
210 2773 226 2815 a
249 2748 400 2826 particulis
420 2749 548 2822 saliuis,
580 2746 765 2826 proculdubio
794 2748 861 2812 nul·

51 2833 111 2898 lurn
131 2847 250 2910 apparet
278 2829 433 2894 discrimen
454 2830 671 2909 evaporationis
694 2831 771 2894 inter
801 2851 863 2894 ma»

51 2916 143 2977 tinam
165 2931 287 2990 aquarn,
314 2907 348 2974 ἃ
368 2909 483 2976 dulcem
513 2911 660 2976 communi
682 2909 741 2974 sale
761 2911 862 2976 condi·

51 3011 114 3060 tam
134 2993 170 3056 ad
178 2991 297 3069 gradum
319 2991 439 3056 murinae
463 2990 628 3056 salsedinis.
650 2989 863 3056 Similitetnul·

52 3073 114 3138 lum
135 3091 181 3136 est
202 3071 355 3136 discrimen
365 3071 469 3134 caloris
488 3071 731 3148 evaporationem
749 3088 864 3149 promo·

52 3151 171 3224 ventis,
190 3151 253 3212 sive
274 3149 507 3228 in.supernsm¹‚
537 3153 601 3214 sive
618 3152 649 3212 iu
669 3147 811 3216 infernam
832 3171 876 3215 a·-

53 3249 121 3311 quae
136 3225 325 3303 ¹superliciem
346 3229 406 3304 pari
426 3231 454 3292 vi
475 3248 558 3308 agat.

9 3343 11 3380 t
95 3306 299 3386 917.le
321 3307 535 3373 vicissitudines
557 3326 742 3388 torcanuo,
765 3329 799 3372 ac
821 3309 865 3371 in-

9 3389 11 3452 l
55 3407 152 3468 reatu„
161 3388 208 3454 die
228 3403 488 3466 cunpensantura
511 3407 641 3464 tempure
664 3395 801 3454 horarum
829 3411 865 3448 u

10 3505 11 3512 ¹
54 3465 293 3550 tautummodo,
326 3467 429 3546 quibus
449 3469 480 3531 in
501 3465 644 3547 hallejann
671 3466 783 3535 calculo
805 3463 869 3530 lieri

761 3571 827 3612 tva·
