2174 4084
258 209 317 270 ‚aa
551 191 709 262 Elementa
733 237 737 246 -

220 285 301 352 oculi
322 293 460 346 anatome
482 275 671 342 insertionem
694 271 777 338 nervi
797 273 963 352 opticiuura
979 303 1053 350 esse

117 395 122 400 -
224 365 255 428 in
277 361 373 434 medio
395 357 490 434 bulbi,
510 356 561 422 sed
580 353 796 448 aliquantulum
807 353 843 418 ad
864 355 963 441 latus,
984 367 1048 444 iam

225 461 343 524 apparet
362 461 398 508 et
425 437 507 504 allati
527 437 720 514 experimenta
743 435 980 507 circumstantiis
999 465 1048 510 ra·

226 523 290 590 dios
309 543 327 586 a
347 525 449 586 charra
469 517 572 582 dextra
580 517 787 594 provenientes
797 515 909 584 nullam
928 523 959 584 iu
972 545 1047 587 ocu·

225 603 258 672 lo
274 603 472 668 sensatiouem
490 599 640 674 excitare,
669 595 786 672 quando
812 603 964 678 exquisite
984 624 1048 670 res·

227 681 358 768 pendent
378 679 420 745 iili
442 677 519 744 oculi
539 691 665 755 centro,
685 677 735 740 cui
756 697 862 754 neruus
882 681 1043 764 inseritur,

227 768 292 832 sive
311 759 424 841 quando
443 761 472 824 in
493 777 613 822 neruum
623 756 754 836 apricum
774 753 952 841 illabuntur,
974 783 1048 844 erga

228 864 334 910 nervus
355 841 469 918 opticus
489 855 535 904 est
558 856 674 915 cacus,
703 858 774 915 ergo
802 841 866 916 ejus
886 845 1043 921 expansio,

204 946 208 952 ’
230 927 292 990 siue
311 924 407 986 retina
429 941 487 982 nun
507 937 555 984 est
575 915 692 982 videndi
712 937 865 994 organum.

274 1025 361 1076 1193·
382 1003 422 1065 R.
443 1003 521 1064 Cum
542 997 665 1062 Hallero
687 997 756 1076 (ud
774 995 801 1078 p.
820 1019 884 1074 3⁴3·
904 996 1046 1067 Praelee.

228 1080 439 1156 Burrum),
458 1079 577 1147 initium
585 1079 710 1154 retinas.
730 1079 1048 1158 sinequapanteuerri

270 1164 326 1228 tici
346 1163 438 1230 basim
467 1163 560 1240 tegit,
589 1159 703 1240 lamella
725 1160 789 1229 alba
811 1181 827 1227 a
846 1159 986 1226 choroide
1006 1161 1046 1226 iu·

230 1185 323 1310 {iura
344 1266 417 1321 pcue
438 1257 537 1306 tatum
555 1241 713 1320 cooperiri:
742 1243 816 1306 item
837 1241 1053 1320 ingressionem·

231 1327 316 1395 nervi
335 1323 427 1402 optici
448 1319 551 1386 obduci
569 1321 724 1402 churoide,
745 1323 1044 1400 eacepromiuutissi·

232 1428 280 1472 mo
301 1403 464 1484 pedunculo
484 1403 610 1482 retinae,
638 1399 716 1468 uude
736 1405 792 1466 hoc
810 1403 1054 1481 experimentum

233 1482 376 1550 chomidis
396 1483 492 1562 potius
513 1504 598 1560 quam
618 1484 724 1548 retinas
746 1483 1043 1548 caecitatemdemoa·

233 1581 334 1644 strat3
362 1585 429 1644 curn
449 1561 519 1654 radii
540 1565 570 1626 in
591 1564 673 1628 nervi
702 1564 912 1646 insenionen,
941 1585 1006 1641 quae
1027 1584 1045 1628 a

232 1644 367 1710 chornide
387 1664 459 1722 pene
479 1660 544 1708 rota
565 1643 736 1722 obducitur,
758 1644 964 1711 illaberentur.
983 1641 1046 1710 aa·

232 1725 276 1788 dit
296 1723 400 1789 Haller
419 1726 447 1790 in
459 1726 601 1790 Mariotti
620 1715 820 1804 experimentis
834 1723 975 1806 objectum
987 1747 1045 1789 nou

233 1807 277 1870 ita
296 1825 485 1884 evanescere,
516 1821 551 1868 ut
571 1823 626 1870 aut
646 1807 783 1888 nigrum,
806 1823 860 1869 aut
889 1801 1047 1886 foramini,

227 1883 269 1950 s&
290 1887 399 1950 umbrae
418 1884 513 1949 simile
534 1883 691 1964 adpareat:
711 1884 765 1952 scd
786 1883 885 1952 eibum
897 1885 1047 1968 adparere,

233 1964 267 2032 ἃ
287 1988 354 2032 curu
375 1969 485 2044 pariete
502 1965 665 2046 confundi,
686 1966 768 2045 quod
787 1989 843 2031 nou
865 1967 1051 2042 probatesse

234 2067 341 2120 cacam
363 2047 445 2115 nervi
473 2046 588 2130 basim;
617 2047 667 2112 sed
698 2067 815 2113 tanturn
843 2045 970 2126 aliquam
999 2047 1048 2113 hic

235 2126 329 2197 latere
347 2149 482 2194 caussam
503 2129 584 2192 nobis
604 2129 724 2194 omnino
743 2131 894 2206 ignotam.

279 2235 374 2292 upra
384 2215 459 2286 Opp.
468 2234 496 2274 2·
516 2203 664 2274 Struiiura
685 2211 790 2291 retiae
811 2206 1075 2275 videndimunus*

234 2285 270 2350 ab
303 2287 363 2366 ipsa
386 2290 500 2368 rejicit.
527 2293 606 2354 Nam
627 2295 660 2370 1,
693 2291 786 2357 retina
817 2307 863 2355 est
888 2288 1050 2370 perlucida,

235 2367 280 2454 uti
305 2383 422 2433 constat
444 2371 644 2447 experimento
663 2371 790 2449 Meni,
819 2369 870 2445 qui
899 2371 939 2432 in'
959 2369 1050 2434 oculu

235 2445 300 2520 ielis
322 2467 553 2528 transparentem
574 2452 741 2520 observavit
760 2449 911 2527 retinam,
928 2451 1050 2528 perinde

234 2551 269 2592 ac
290 2532 425 2594 humores
445 2527 588 2610 reliquus:
617 2549 741 2599 nonest
761 2551 830 2610 ergo
851 2547 920 2608 apta
940 2531 977 2592 ad
997 2531 1049 2595 ob·

236 2610 379 2688 isarnum*
396 2613 535 2690 imagines
554 2611 751 2694 recipiendas.
777 2634 846 2678 cum
875 2614 905 2675 in
926 2631 1048 2688 corpore

235 2692 405 2770 diaphano,
431 2711 503 2770 puta
531 2695 560 2758 in
585 2695 683 2774 vitro,
710 2693 887 2774 objeraarum
909 2691 1052 2768 imagines

237 2773 358 2834 minime
379 2771 552 2852 pingantur.
578 2779 633 2855 11,
662 2779 717 2842 Est
744 2773 869 2840 crassior
888 2770 1053 2853 choroide,

236 2851 306 2935 inde
326 2867 426 2916 autern
447 2853 511 2936 fit,
538 2873 573 2922 ut
593 2852 665 2920 radii
696 2855 726 2920 iu
747 2853 808 2934 ipsa
831 2853 903 2918 uniri
926 2852 1054 2920 minime

235 2931 351 3026 possint
358 2953 371 3014 ς
387 2934 411 2998 si
433 2936 513 3020 enim
534 2935 674 3004 uniantur
694 2934 1053 3034 insuperficienuteriuri²

215 3033 302 3097 vqpae
323 3032 417 3080 vitreo
439 3019 551 3083 humori
572 3019 710 3096 contigua
732 3019 802 3096 est,
822 3019 880 3094 jam
899 3012 1053 3086 decussati

235 3093 344 3182 cadent
363 3095 394 3160 in
414 3097 529 3163 diuersa
551 3093 654 3173 nunna
678 3097 850 3178 posterioris·
865 3090 976 3177 faciei,
1007 3099 1052 3161 sin

235 3177 272 3242 in,
286 3179 340 3241 hac
360 3175 519 3258 uniantur,
540 3181 598 3258 jam
620 3179 742 3258 primam
763 3171 944 3256 superficiem
968 3177 1055 3243 indi·

235 3257 326 3335 uersis
348 3255 458 3336 nuruis
477 3276 650 3338 penetrant·
677 3259 708 3324 si
732 3259 877 3322 uniuntur
904 3260 935 3318 in
958 3259 1053 3330 media

234 3337 385 3418 crassitie,
405 3339 463 3418 jam
484 3335 855 3420 penetrabuntdivetsa&
874 3341 1055 3429 anterioris,

235 3407 270 3489 ἆ
291 3421 459 3494 posterioris
488 3417 650 3499 superficiei
670 3419 795 3500 punua,
826 3417 905 3484 unde
925 3440 1053 3492 contusa

235 3517 349 3591 semper
370 3500 427 3585 erit
447 3501 538 3590 risio.
566 3503 639 3592 111„
659 3501 842 3590 Retiua'tst
860 3496 1055 3652 urulggsingn⁴¹
