2152 4078
276 133 407 222 Pbysr'cae
426 137 641 210 Particularls.
701 193 705 202 .
760 137 818 214 'ct

56 247 382 344 IJROPOSITIOAEn
403 261 468 346 igne
485 259 616 328 elrllrico
643 263 674 326 in
703 272 792 325 terrae
812 261 860 328 υἰ-

97 343 229 411 secribus
247 347 372 409 excitato
390 344 525 408 oriuntur
544 345 687 408 montium
700 341 860 426 ignivomo·

96 447 166 496 runt
185 423 393 502 rrubiarr‘enes,
415 420 458 498 lat
476 437 685 492 terremotus.

100 557 168 624 85⁶.
188 545 350 614 Probatur.
370 551 467 612 Tanta
487 546 859 624 estigniumsubterraneo

55 647 142 708 tum,
166 627 315 711 &ignium
335 627 503 694 scelestium
520 627 697 708 similitudo,
718 647 859 694 utoeees·

55 729 89 774 se
109 711 150 772 sit
171 707 291 774 eandem
313 710 463 785 utriusque
484 709 594 785 generis
614 709 864 784 igniumstatueoe

56 809 209 856 caussam:
229 791 312 867 atqui
336 789 493 866 coelesres,
515 790 576 850 sive
595 791 808 868 otmosphaetici
839 789 863 851 i·

56 889 128 950 gnes
149 870 274 934 suntab
297 867 431 936 eletlrico
451 869 595 946 vaporein
617 875 863 948 atmosplraeraac·

56 949 212 1016 cumulato
230 953 281 1026 (n,
300 950 401 1027 712),
421 969 492 1024 ergo
510 950 601 1013 eriam
623 949 700 1024 ignes
720 951 864 1014 subterra-

60 1032 131 1110 nei,
152 1031 202 1107 qui
224 1029 270 1094 uel
290 1051 341 1106 pet
360 1029 505 1093 montium
534 1029 744 1169 {oiuomorum
764 1027 864 1093 fauces

57 1111 255 1185 etublarrtur,
284 1107 330 1172 vel
359 1105 505 1182 conclusi,
601 1106 730 1182 impediti
758 1125 866 1172 terram

57 1189 257 1264 concutiunt,
278 1204 347 1252 sunt
369 1188 405 1252 ab
423 1183 556 1250 eleblrico
577 1185 642 1261 igne
663 1185 691 1248 in
715 1190 867 1251 terrae'v's·

58 1269 189 1335 secribus
219 1266 433 1334 accumulato.
460 1265 601 1328 Probatur
630 1269 746 1345 major.
776 1270 808 1346 1,
837 1271 866 1330 A

57 1349 210 1416 montibus
230 1349 381 1424 ignivomis
403 1344 712 1424 flammaeerumpunt,
734 1368 800 1424 quae
816 1369 866 1411 oo-

59 1430 107 1496 (lu
131 1431 294 1494 obseruatae
316 1431 365 1492 vix
387 1452 404 1494 a
425 1425 582 1504 fulguribus
603 1423 760 1505 differunt,
792 1429 866 1492 item

59 1515 91 1575 in
112 1507 328 1576 tecraetnotibus
359 1509 445 1573 tellus
473 1502 640 1586 plerumque
669 1505 812 1588 dehiscit,-
831 1507 865 1574 ἀ

57 1591 189 1661 flammae
210 1605 361 1666 tamquam
381 1586 513 1666 fulgura,
544 1588 589 1652 vel
618 1605 767 1667 tamquam
796 1591 867 1654 tnti-

57 1673 126 1736 dem
146 1691 258 1736 antotae
280 1669 402 1736 borealis
419 1669 566 1734 columnae
591 1667 621 1728 in
648 1672 746 1734 aetem
775 1669 866 1736 attol-

59 1753 179 1816 luntur.
201 1755 249 1830 11,
280 1755 323 1815 Ex
345 1749 571 1818 cruciationibus
590 1751 734 1823 montium
756 1749 866 1826 ignivo—

58 1855 192 1914 morum,
222 1831 254 1898 ἀ
286 1850 490 1905 terraemotus,
516 1826 559 1900 ,bc
588 1829 720 1904 procellae
750 1830 869 1914 inacte

58 1931 238 1990 sequuntur.
272 1915 339 1991 lll,
369 1909 590 1984 Erubiationes,
619 1906 652 1972 ὃ(
681 1927 869 1974 terraemotus

59 1993 231 2072 plerumque
250 1993 431 2058 comitantur
451 1988 636 2052 subterranea
658 1989 811 2066 tonitrua,
830 1991 867 2054 si·

59 2095 99 2137 ve
122 2077 269 2151 mugitus,
288 2071 323 2134 bc
345 2071 502 2146 strepitus.
521 2068 634 2142 Igitur,
656 2067 815 2142 siquando
836 2070 867 2131 in

60 2174 152 2218 terrae
180 2151 339 2217 uisceribus
367 2151 467 2226 iugens
498 2146 644 2209 excitetur
671 2147 783 2224 vaporis
811 2146 870 2212 ele·

46 2233 143 2296 -elrict
163 2233 263 2308 copia,
284 2246 337 2294 aut
358 2249 393 2292 ex
419 2225 663 2302 fermentatione,
684 2242 736 2292 aut
755 2246 792 2292 ex
811 2227 867 2293 alla

49 2333 237 2390 mortuoque
256 2329 372 2378 caussa:
392 2308 455 2374 haec'
475 2306 511 2372 ad
532 2305 722 2384 aequilibrium
744 2306 865 2373 tendens

65 2395 103 2458 ad
126 2395 191 2458 loca
212 2393 348 2470 negative
366 2389 496 2456 eleblrica
522 2387 717 2467 diffundetur,
743 2410 811 2454 cum
832 2393 870 2454 ab

66 2497 127 2537 uno
148 2473 189 2538 'ad
217 2472 294 2538 aliud
322 2493 423 2550 eorpus
451 2471 573 2536 diversae
601 2465 798 2548 eletlricitatis
826 2469 868 2536 dt·

62 2555 167 2620 scurrit
191 2552 340 2620 fremitum
361 2552 501 2630 producet
521 2553 533 2629 (
552 2547 690 2628 n.7r3):
709 2570 777 2612 cum
805 2569 869 2612 cor·

63 2657 131 2713 pora
160 2633 280 2702 offendit
311 2631 560 2711 impenetrabilia,
590 2631 651 2692 sive
673 2628 781 2706 origine
808 2629 867 2694 ele·

64 2715 167 2796 blrira,
187 2717 295 2794 magis,
316 2716 461 2792 magisque
481 2707 727 2784 accumulabitur,
749 2703 783 2772 bc
813 2712 868 2772 ins.

63 2800 142 2862 mani
163 2798 210 2877 vi,
232 2817 265 2860 ac
288 2795 400 2872 tonitru
421 2789 600 2858 fulminabit.
623 2789 670 2854 nb
692 2791 745 2851 boc
767 2791 867 2862 imma„

65 2879 249 2942 nirorrenre
268 2875 475 2954 agitabuntur,
493 2870 691 2948 expandentur
710 2888 813 2951 aquae,
834 2876 869 2944 li.

66 2959 231 3034 quebuntur
251 2953 386 3035 metalla,
406 2956 613 3022 contremiscet
634 2948 741 3044 tellus,
766 2970 799 3013 ac
819 2957 869 3024 da.

64 3038 98 3104 'te
120 3056 202 3117 porta
223 3038 378 3118 ejicientur
397 3058 447 3113 per
466 3036 612 3098 montium
642 3049 772 3108 viscera,
799 3038 870 3104 alia.
911 3094 915 3100 ,

67 3139 125 3194 que
152 3135 239 3181 terrae
260 3118 322 3182 loco
344 3113 492 3191 flammae,
522 3111 614 3191 fumi,
643 3110 772 3202 cineres,
800 3109 870 3196 lapi.

65 3195 137 3277 cles,
159 3217 242 3270 aquae
262 3213 421 3274 torrentes,
442 3194 476 3258 ἀ
496 3197 596 3260 mixtae
616 3187 808 3258 erueranonn
826 3220 871 3264 sa.

65 3279 117 3356 lis,
139 3274 311 3353 sulphuris,
330 3275 453 3353 petreoli
472 3323 483 3353 ,
508 3273 541 3339 bt
570 3273 700 3338 omniurn
730 3288 868 3343 generum

64 3352 226 3422 [ossillum.
247 3355 327 3418 Hinc
348 3355 521 3429 intelligitur
548 3351 673 3418 enormis
688 3347 834 3438 ‚celeritas
856 3408 864 3436 ‚

67 3461 122 3517 noa
144 3453 332 3504 terraemotus
353 3431 408 3496 ibn
429 3432 505 3496 oculi
526 3431 561 3495 ad
580 3431 760 3514 longissrmos
783 3450 872 3502 terroe

773 3530 832 3578 rnn—
