2190 4080
170 288 178 304 χ
230 293 364 376 Physicae
382 289 593 358 Particularia.
737 291 803 362 ω’

36 375 148 459 aaut),
170 393 236 458 ergo
257 377 364 440 debeat
382 375 412 438 in
441 375 595 438 horizonte
622 387 757 449 apparete
776 391 837 435 nna-

37 466 98 542 jmn
118 457 332 536 (n0*1379);
353 455 420 518 hine
441 455 507 532 sol,
534 450 572 518 ¹&
595 453 688 516 Luna·
702 451 834 514 horizon-

34 539 122 618 talia‚
141 539 167 602 si
187 537 376 612 inspiciantur
394 527 515 614 obiurga
534 533 605 597 tubo
625 530 763 596 visibilem
771 552 835 598 cor-

33 633 136 699 putanti
158 613 340 693 interjedlum
370 613 569 692 impediente,
601 611 706 676 nedum
741 614 836 678 vicina
872 620 874 624 '

35 703 107 764 urbo
128 697 304 774 apparebunt
325 694 377 769 (n.
399 693 516 770 13⁸⁸),
536 689 586 755 sed
606 690 835 760 &exhibebunt

35 775 160 846 eandem
181 772 436 852 magnitudinem,
463 791 550 850 quam
573 770 679 835 habent
700 774 730 836 in
750 775 836 838 meri·

33 860 139 924 diane.
201 911 208 922 .

78 955 154 1012 rapa
172 983 193 1011 „
214 931 358 1000 Scholion.
382 933 561 1000 Praeclarum
592 934 646 996 hoe
676 935 845 1010 phanone

35 1036 94 1081 nou
116 1013 212 1078 anua
229 1011 434 1092 magnitudinis
454 1015 483 1078 in
507 1013 592 1076 astris
612 1013 838 1078 horizontalibus

35 1117 95 1161 non
114 1115 217 1161 omnes
239 1096 350 1170 Physici
371 1115 457 1173 aequo
477 1091 563 1160 modo
583 1092 746 1170 explicant.
765 1091 838 1179 Qui·

35 1177 104 1242 dem
121 1176 203 1238 eninr
218 1177 318 1254 aiunt,
341 1175 466 1241 siderum
490 1171 718 1244 horizonralium
746 1172 839 1237 lucem

39 1275 106 1322 esse
127 1253 333 1330 languidiorem
353 1256 389 1318 ob
416 1254 617 1332 copiosiorem·
634 1253 673 1332 ibi
702 1271 840 1328 vaporum

41 1338 71 1401 in
94 1337 288 1412 atmosphaera
310 1336 528 1416 quantitatem
547 1329 613 1398 inde
633 1335 710 1397 enim
730 1333 783 1413 fit,
805 1349 839 1394 ut

34 1419 68 1480 in
88 1414 178 1478 solem
198 1414 411 1479 horizontalem
442 1413 528 1480 fixam
549 1411 640 1478 aciem
669 1429 842 1478 convertere

37 1493 196 1574 pessimum
229 1494 348 1560 minime
370 1497 488 1562 veroin
510 1494 600 1560 solem
622 1493 812 1560 meridianum
831 1529 842 1563 n

38 1598 75 1642 ex
88 1573 269 1651 ¹‘languidiori
284 1593 390 1641 autem
410 1577 441 1640 in
468 1576 625 1638 lrorizonte
645 1571 755 1639 lumine
776 1587 844 1640 eve·

39 1657 104 1719 nire
124 1653 227 1734 debet,
243 1671 284 1718 -ut
296 1654 411 1736 pupilla
431 1657 522 1733 magis
541 1653 699 1734 dilatetur,
731 1657 839 1735 major·

39 1756 96 1813 que
116 1733 213 1798 sideris
235 1735 423 1800 horizontalis
445 1738 473 1799 in
503 1738 597 1800 retina
619 1737 750 1814 pingatur
775 1739 846 1800 ima·

41 1835 109 1894 gu.
135 1811 200 1876 -Alii
230 1835 298 1875 vero
328 1814 596 1878 animadvertentes
625 1815 766 1893 objellutn
795 1833 844 1890 per

42 1892 191 1960 admotam
229 1890 315 1954 oculo
336 1913 502 1956 convenam
537 1893 664 1955 lentem‘
685 1893 814 1970 ampliati
836 1939 845 1972 ,

43 1994 90 2040 ma
111 1971 290 2047 isqueetiam
308 1973 423 2048 augeri,
446 1989 559 2034 retnota
581 1970 709 2048 paullum
727 1973 762 2036 ab
777 1991 846 2036 ocu·

45 2055 74 2116 la
92 1992 176 2114 lente
194 2070 211 2128 ς.
228 2051 401 2128 concipiunt
422 2067 518 2114 totam
540 2053 761 2130 atmosphaeram
784 2071 846 2142 per·

46 2130 148 2200 mixtis
169 2131 340 2209 vaporibus,
369 2127 402 2195 dt
424 2129 651 2194 exhalationibus
671 2131 789 2195 densam
812 2131 849 2194 ad

47 2213 139 2277 instat
157 2231 296 2274 convenae
311 2209 402 2275 lentis
423 2210 520 2274 telluri
540 2213 758 2290 concentuum
781 2213 849 2288 qu'a

47 2293 136 2370 igitur
151 2287 251 2354 audis
270 2291 307 2355 ab
334 2290 491 2370 ius'pedlote
512 2290 609 2354 telluri
639 2293 794 2356 insistente
816 2237 854 2354 li-

46 2371 128 2447 neis,
162 2371 279 2434 nniuima
297 2390 365 2450 est,
395 2390 461 2448 quae
480 2371 516 2434 ad
536 2374 599 2451 ejus
619 2374 720 2436 zenitlr
740 2374 849 2451 pettin-

49 2454 92 2532 git
105 2491 120 2528 ·,
142 2468 257 2514 eeterae
279 2473 348 2516 veto
367 2470 502 2515 crescunt
520 2500 530 2528 ,
548 2463 551 2468 “
567 2472 652 2530 prout
680 2458 696 2516 a
718 2451 849 2517 verticuli

49 2529 211 2608 recedunt,
231 2533 308 2594 itaut
331 2534 460 2594 omnium
482 2532 604 2596 meniana
625 2535 664 2596 sit
681 2535 851 2596 huri-zonta-

48 2611 111 2688 u's;
144 2613 210 2672 hinc
231 2611 319 2674 solem
343 2613 371 2674 in
395 2611 553 2676 meridiano
576 2613 773 2690 complemus
802 2629 852 2690 pet

49 2689 144 2756 radias
166 2685 302 2754 selredus
322 2693 350 2754 in
371 2711 405 2756 ea
425 2695 629 2768 armospaaene
647 2701 748 2774 'patte,
781 2709 848 2770 que

51 2789 97 2840 est
118 2770 203 2836 oculo
223 2773 412 2850 vieinissima:
433 2766 559 2836 eundem
580 2793 648 2838 vero
670 2776 697 2836 in
718 2774 854 2836 'hatizom

51 2852 229 2930 repositum
252 2851 380 2916 videmus
413 2875 463 2932 pet
483 2853 576 2916 radios
604 2850 740 2918 refradios
772 2855 800 2917 in
822 2873 852 2917 e·

51 2931 162 3014 jusdem
182 2954 322 2998 convexae
342 2937 544 3010 atmosphaetae
566 2935 746 3012 longissima,
779 2955 814 2998 ac
829 2955 853 2998 'a
908 3001 915 3012 ,

47 3014 133 3089 ¹nobis
155 3015 348 3076 remotissima
370 3031 470 3091 parte,
493 3014 622 3089 adeoque
653 3017 793 3076 maiorem
822 3011 854 3074 il-

41 3093 115 3161 lum
137 3091 293 3154 tammus.
322 3096 452 3166 Utraque
482 3110 580 3154 tamen
601 3093 757 3166 explicatio
787 3109 855 3165 sup-

28 3173 137 3253 ponit
173 3171 326 3245 imaginem
364 3171 495 3253 sidetum'
523 3169 748 3233 horizontalium
778 3168 854 3244 pingi

53 3253 193 3331 majorem
213 3250 242 3310 in
264 3250 375 3328 retina,
398 3247 473 3325 quud
494 3267 592 3312 tamen
613 3247 718 3312 falstnn
737 3251 856 3313 omnino

54 3350 123 3409 est3
148 3325 288 3406 siquidem
309 3345 386 3392 teste
417 3329 441 3392 le
472 3329 602 3410 Grand,
635 3327 804 3394 Astronomi
826 3349 854 3393 a·

33 3415 166 3496 ·jusdem
188 3409 435 3486 deprehenderunt
458 3407 594 3496 angulum
620 3411 775 3488 visorium,
804 3408 857 3472 sub

54 3516 113 3574 quo
136 3489 210 3570 Sol,
240 3489 285 3552 vel
306 3495 389 3553 Luna
410 3491 546 3570 mortu,
578 3490 624 3556 vel
647 3511 779 3567 occasu,
810 3487 856 3554 vel

96 3567 295 3640 mitridati.
318 3573 418 3638 ΗΥ.
578 3573 604 3636 L
734 3569 817 3634 meti·
