2190 4080
275 179 405 264 Physica
424 180 633 246 Particularis.
714 178 721 189 “
757 207 812 259 27¹

50 281 217 344 peragrasse
244 267 371 344 spatium
390 263 597 330 semisecundis
620 281 698 326 ree.
727 261 860 328 Secundo

52 346 186 410 variatur
205 347 268 412 sooi
291 343 432 409 velocitas
441 361 573 422 tempore
591 343 715 422 aestivo,
735 363 769 409 ec
789 345 865 420 hye-

54 424 144 506 mam
162 427 272 493 etenim
291 423 471 488 Blancbonus
492 439 600 488 notato
620 421 770 504 tempore,
798 441 865 500 quo»

8 561 14 618 μ
52 527 179 571 sonusa
206 504 381 572 Bononiensi
401 502 477 568 colle
495 512 524 568 S.
541 503 623 580 Pauli
642 522 733 582 usque
752 503 789 569 ad
811 522 859 570 ar..-

8 623 12 660 ς
53 609 122 651 cem
141 588 279 652 urbanam
302 583 467 661 pertingit,
494 585 555 648 sive
576 583 762 651 intervallum
787 605 820 659 13
848 631 859 662 ,

8 663 12 682 '
53 663 92 732 ἀ
113 667 235 746 amplius
256 663 422 734 milliarium
450 663 594 740 conficit,
619 665 750 730 advertit
778 663 860 727 uelo-

39 749 167 813 ·ciorem
189 743 282 810 fuisse
301 749 404 810 sonum
424 759 548 822 aestate,
570 763 655 820 quarn
675 751 798 822 hyeme,
825 742 860 806 li·

54 846 109 894 eet
129 825 299 892 differentia¹
323 821 412 887 luerit
433 824 570 908 exigua,
597 821 719 886 duorum
746 823 859 888 scilicet

55 907 275 975 secundorum.
304 903 501 970 Nihilominus
531 920 634 968 censet
663 905 860 982 Derbarnus,

58 988 187 1055 eandem
213 987 333 1050 omnino
361 1003 425 1049 esse
452 985 516 1048 soni
539 981 752 1060 celeritatem,
782 997 865 1059 quaa-

7 1127 9 1158 ,
56 1091 174 1147 cunque
183 1069 222 1133 sit
241 1067 318 1132 aeris
334 1064 528 1142 constitutio,
546 1078 864 1141 acquaecunmettem-

8 1177 9 1182 ¹
58 1168 175 1230 pestes,
197 1148 294 1212 ventis
315 1162 432 1208 tantum
452 1147 598 1222 exceptio:
629 1145 677 1207 cui
709 1143 863 1208 assertioni
899 1165 901 1170 ·

57 1233 108 1294 vix
128 1229 264 1294 assentiri
284 1245 387 1303 queo,
413 1245 484 1294 cum
503 1223 672 1304 notabllitcr
691 1224 769 1288 varia
790 1223 864 1287 aeris

52 1309 262 1386 elastlcitate,
279 1305 329 1370 vel
347 1305 521 1384 densitate,
550 1304 687 1370 celeritas
708 1303 866 1369 oscillatio-

60 1410 161 1467 num,
190 1407 283 1464 nque
304 1387 370 1451 soni
386 1383 531 1452 velocitas
542 1384 659 1469 nenda
674 1415 695 1466 ,·
714 1382 866 1450 immutari
909 1451 911 1462 χ

62 1472 224 1535 necessario
243 1468 365 1532 debeat.
486 1485 489 1490 ·
693 1477 709 1511 ·'
763 1505 768 1520 ι

105 1562 192 1628 ¹⁴83·
212 1551 323 1614 Dices.
349 1551 386 1625 l,
414 1555 508 1612 Sonus
526 1546 626 1613 eundo
643 1547 808 1624 minuitur,
830 1540 868 1611 dt

58 1629 244 1697 debilitatura
263 1649 334 1708 ergo
351 1631 415 1708 ejus
434 1646 533 1697 motus
552 1651 611 1716 non
633 1645 679 1694 est
699 1623 867 1708 aequabilis.

59 1716 141 1777 Nam
160 1712 252 1775 minui
271 1729 358 1774 sonus
378 1712 500 1790 nequit,
531 1711 746 1789 quin-impetus
768 1709 890 1782 dcem,

60 1810 142 1856 scat:
164 1791 212 1853 ubi
232 1807 331 1853 aurern
352 1788 495 1853 decrescit
518 1793 663 1869 impetus,
683 1811 801 1856 necesse
818 1803 868 1860 est

6 1895 9 1900 ·
61 1872 214 1935 minuatur
235 1868 402 1946 velocitas,
428 1881 586 1946 motusque
605 1868 658 1932 fiat
678 1870 868 1934 retardatio..

63 1953 120 2029 ll,
148 1949 217 2016 soni
236 1951 426 2012 vehementes
455 1947 564 2012 habent
589 1951 727 2027 majorem
749 1951 810 2012 vim
831 1947 868 2010 ad

62 2030 269 2095 concitandum
291 2049 404 2108 aerem,
434 2049 520 2104 quam
540 2030 603 2090 soni
626 2029 769 2108 minores,
800 2029 868 2092 hinc

62 2113 185 2190 majores
205 2111 269 2174 soni
290 2109 327 2173 ad
354 2107 449 2171 multo
471 2108 581 2186 longius
608 2105 870 2186 spatiumdiffun·

62 2191 190 2255 duntur:
216 2211 284 2268 ergo
316 2193 505 2254 vehementes
533 2189 596 2252 soni
624 2187 756 2254 celeriori
784 2203 870 2254 motu

5 2301 21 2306 ·
46 2268 217 2337 'feruntur.,
236 2274 312 2351 lll,
339 2275 407 2354 Quo
428 2271 542 2333 acutior
561 2287 608 2334 est
627 2269 745 2336 chordae
763 2289 871 2352 sonus,

65 2373 106 2418 eo
123 2350 281 2416 celeriores
295 2351 392 2428 ,etiarn
421 2351 600 2414 vibrationes
626 2367 763 2417 excurret
789 2371 869 2434 aer,

64 2435 147 2510 ergo*
165 2433 279 2496 acutior
307 2451 394 2496 sonus
416 2429 503 2495 debet
530 2431 656 2498 celerius
691 2433 871 2512 propagari.

6 2517 10 2520 ’
66 2507 201 2578 Tandem
218 2533 263 2578 eo
279 2511 427 2578 celeriores
449 2512 641 2576 observantur
658 2535 742 2590 aquae
762 2512 869 2590 undae,

55 2611 164 2672 -quoa
182 2595 284 2672 majori
306 2590 423 2670 lapide,
452 2591 501 2656 vel
520 2614 539 2656 a
565 2593 786 2673 maiori'lapidis
814 2594 870 2656 im·

62 2685 134 2752 petu
155 2674 345 2752 enitantur,
370 2671 450 2739 idem
463 2673 587 2754 ergo‘de
606 2691 691 2741 motu
711 2675 809 2742 sonori
826 2691 870 2739 κ·
942 2715 944 2720 ·

62 2755 103 2818 ris
121 2752 274 2818 dicendum
284 2805 295 2821 .,
785 2763 787 2766 ’

68 2846 70 2850 ·
105 2839 253 2928 ¹⁴²⁴:st
275 2832 310 2902 ad
333 2861 358 2898 1.
373 2839 452 2902 Cum
473 2839 534 2918 uls,
557 2859 624 2919 quae
644 2864 661 2910 a
681 2855 789 2906 'sonoro
805 2858 872 2904 cor·

64 2925 134 2992 pore
153 2913 325 2984 drffunditur
346 2917 375 2980 in
404 2919 531 2986 medium
561 2924 752 2988 circumstans
772 2919 870 2986 e'undo

63 2991 250 3076 debilitetur,
279 2999 347 3060 hinc
366 3021 420 3076 pro
441 3001 543 3078 majori
564 3023 580 3066 a
603 3024 707 3065 sonoro
727 3000 869 3066 distantia
919 3035 922 3042 ¹

6 3119 30 3140 a
64 3091 163 3150 partes
183 3079 261 3141 aeris.
277 3081 551 3160 numereminores,
572 3101 609 3146 ac
628 3080 870 3158 minoribus-pul·

65 3155 142 3217 sibus
168 3159 348 3224 commoveri
374 3157 504 3240 debent,
537 3159 754 3246 achroptetea·
782 3178 870 3223 sonus
907 3160 910 3166 ’

8 482 31 528 Γ

65 3230 230 3313 debilitari3
261 3253 293 3300 ar
313 3259 369 3300 non
394 3239 501 3306 idcirco
520 3239 653 3306 imminui
674 3241 705 3306 in
725 3241 789 3304 soni
803 3261 869 3382 gro*

67 3312 225 3392 pagatione
250 3315 390 3382 velocitas
417 3321 503 3386 debet
523 3342 533 3358 ··
559 3322 703 3404 siquidem
739 3323 802 3400 ejus
822 3341 869 3386 em

64 3391 390 3477 pendulioscillationes
408 3368 567 3471 inareudus
588 3403 790 3504 circularibus,
809 3405 869 3468 etsi
967 3399 971 3412 '

629 3534 635 3540 -
667 3487 700 3523 ‘⁵¹-
760 3483 831 3552 inae-

444 3566 490 3629 Μ
527 3587 547 3639 4;
