2152 4078
275 197 405 279 Pbysic.e
423 200 634 270 particularis.
774 232 808 286 33

45 294 137 353 poros
166 277 350 356 pervadentis
379 281 514 360 pleraque
534 283 678 350 derivavit
706 291 867 366 magnetis,

46 359 254 450 puaeoom'ena,
274 361 351 438 quod
370 360 486 439 quidem
510 381 637 440 systema
659 366 694 432 ab
708 371 848 448 diogenio

44 433 170 515 ahisque
190 441 390 520 emendatum,
409 441 654 526 iliustratutnque,
674 451 848 516 eaeterisan·

44 513 232 586 tesereodum
244 521 370 602 videtur,
390 521 481 590 donec
501 525 757 594 melioraioueniat
769 553 846 594 sum·

42 619 109 663 mus
131 601 234 682 aliquis
259 603 479 682 ApolloaeRent
498 604 601 670 clarius
621 609 838 686 exponamus“.

84 693 156 749 841.
177 733 198 763 „
219 683 266 748 Ab
290 707 348 748 uuo
368 684 478 750 telluris
502 685 572 750 Polo
592 706 601 766 3
630 707 699 764 puta
721 691 845 768 boreali,

35 763 193 840 egreditur
216 765 434 832 subtilissimum
450 766 593 844 quoddam
610 767 749 849 fluidum,
772 771 848 848 quod

38 866 94 920 per
116 846 274 911 australem
296 844 393 922 polum
413 848 521 914 viscera
542 848 655 912 telluris
686 852 853 928 ingreditus,

38 925 124 988 veria
147 927 304 992 ditediione
324 929 407 1004 juxta
430 917 661 1009 uariantesderri,
681 935 840 1006 magnetis,

36 1024 102 1080 que
118 1003 259 1072 ¹fodinas.
286 1009 354 1070 Hoc
376 1005 499 1070 fluidum
519 1029 555 1070 ex
576 1030 628 1072 suo
649 1012 844 1074 mechanismo

35 1086 153 1162 habet,
174 1103 209 1149 ut
231 1107 281 1164 per
302 1107 392 1146 unum
415 1084 511 1160 polum
532 1088 846 1166 ingressum,pereun-

33 1164 110 1229 dem
141 1183 221 1231 retro
251 1161 320 1230 ferri
342 1181 465 1241 nequeat
490 1215 499 1243 ,
528 1167 747 1245 sicuti'spirae,
780 1190 845 1246 quae

14 1247 189 1333 vsui-catum
217 1243 407 1314 canaliculum
437 1245 665 1326 ingrediuntur,
693 1266 847 1325 nequeunt

34 1349 90 1404 per
113 1330 278 1404 oppositum
302 1322 442 1402 foramen,
463 1347 557 1403 equo
578 1327 774 1408 egrediuntur,
802 1332 843 1393 io-

35 1426 137 1471 trare:
159 1409 245 1485 icem,
267 1413 321 1470 hoc
341 1405 463 1470 fluidum
486 1407 629 1470 talisrnodi
651 1426 764 1472 naturae
785 1427 844 1489 ert,

40 1505 74 1552 ut
100 1507 297 1572 stagnetean,
328 1483 497 1550 ac'ferrum
525 1485 641 1552 ,facilius
671 1487 838 1570 pervadat,

37 1571 135 1644 quam
150 1586 252 1646 corpus
272 1565 349 1630 aiiud
370 1568 583 1648 quodcunque,
614 1569 765 1646 nequidem
794 1593 842 1637 as·

38 1669 71 1712 re
100 1668 243 1728 excepto.
273 1650 330 1712 sus
360 1651 512 1724 praemissis
542 1651 696 1727 magnerici
724 1649 842 1716 effluvii
892 1709 897 1714 .

39 1732 275 1808 proprietatibus,
296 1751 331 1794 eo
354 1731 565 1807 priocipuorum
588 1735 841 1812 phenomenorum

37 1811 133 1876 ratio.
155 1811 211 1876 Ubi
232 1830 366 1888 magnes,
388 1808 571 1874 autfertum
594 1813 709 1875 iuuere
730 1814 841 1876 volubi-

33 1889 64 1952 le
88 1889 299 1968 suspendatur,
323 1891 477 1968 magnerici
500 1889 582 1954 fluidi
604 1894 698 1964 portio
717 1913 766 1967 per
780 1892 842 1956 lon-

34 1969 197 2048 gitudinem
221 1973 365 2048 ingressa,
394 1971 503 2034 diutius
532 1971 561 2032 io
592 1973 654 2032 haec
674 1991 792 2046 corpora
814 1981 859 2034 n-'

35 2069 107 2128 get,
130 2073 217 2128 quam
238 2052 338 2127 nortio·
353 2047 453 2125 tinini,
485 2069 551 2124 quae
573 2047 759 2114 latitudinem
780 2071 842 2125 per-

37 2130 154 2208 vadit,
183 2149 272 2206 quare
304 2130 424 2192 materia
446 2132 474 2191 in
500 2125 709 2204 longitudinem
731 2129 843 2192 irruens

32 2211 131 2274 eliam
147 2209 312 2286 superabit,
340 2229 407 2284 quae
437 2207 623 2280 latitudinem
645 2209 808 2285 penetravit
831 2261 839 2290 ,

35 2290 171 2365 adeoque
189 2303 348 2354 convertet
369 2293 431 2352 haec
454 2307 573 2362 corpora
592 2289 674 2364 iuxta
695 2311 775 2352 suam
797 2287 849 2371 di-¹

35 2369 214 2448 rediissem,
243 2371 306 2434 sive
325 2371 482 2448 secundum
503 2368 685 2434 diremissem
706 2371 839 2438 meridia·

41 2471 150 2514 norum
171 2501 180 2527 ,
200 2472 295 2528 eoque
315 2449 456 2530 vividius,
479 2473 512 2516 ac
535 2449 676 2527 celerius,
696 2473 761 2528 quo¹
776 2452 840 2516 lon-

41 2531 123 2608 giora
145 2529 255 2595 fuerint
278 2533 379 2607 ,dinc
398 2550 538 2596 constans
558 2531 600 2594 vis
620 2529 757 2594 dinarii
780 2555 840 2602 ma·

37 2613 138 2688 guttis
158 2629 223 2676 utta
244 2634 279 2676 ex
301 2615 447 2677 constanti
470 2611 552 2675 fluxu
574 2614 704 2674 materiae
724 2612 760 2676 ab
781 2635 840 2674 uno

40 2690 170 2767 polorum
193 2693 227 2755 ad
249 2692 392 2758 aiterum.
411 2694 488 2782 Quia
510 2713 580 2754 vero
603 2711 651 2767 per
671 2709 844 2773 magnetem¹

34 2773 174 2848 copiosior
196 2769 265 2837 fluit
286 2775 440 2852 materia3
479 2773 546 2836 hinc
572 2767 679 2836 ferrum
710 2767 841 2852 magneti

36 2855 227 2931 proximum,
253 2875 287 2917 ac
309 2854 450 2918 similiter
471 2869 656 2942 penetratum
678 2849 837 2918 faciliorem

37 2934 129 3008 aperit
152 2937 229 3000 viam
251 2932 343 2996 fluido
366 2985 375 3012 ,
404 2935 533 3010 adeoque
561 2935 754 3016 magneticam
776 2935 837 3012 uim

36 3011 235 3092 acquir1t,·&
254 3015 368 3092 quidem
391 3011 521 3092 faciiius,
546 3033 603 3090 quo
621 3015 837 3090 molliusiosum

38 3087 150 3167 suerit,
170 3111 222 3159 aut
243 3096 380 3172 ignitum:
399 3093 578 3166 exadverso
597 3095 715 3159 eundem
739 3093 839 3172 deper-

35 3172 105 3248 det,
125 3171 148 3234 si
170 3173 275 3238 malleo
294 3194 483 3254 conteratur,
495 3173 557 3238 'aut
580 3175 643 3253 igne
662 3174 838 3241 candescat:

38 3255 110 3318 item
131 3274 156 3323 ss
178 3273 296 3318 noversrs
317 3256 389 3333 polis
410 3257 577 3320 deuocatus
596 3257 763 3320 immotum:
783 3273 837 3336 aut

38 3353 110 3396 unus
129 3333 193 3412 ejus
214 3332 295 3410 polus
314 3337 515 3399 constituatur
538 3338 618 3412 juxta
630 3337 779 3398 inimicum
799 3335 838 3398 el·

40 3415 127 3478 terius
149 3414 303 3494 magnerici
326 3413 448 3492 polum,
479 3432 531 3476 aut
554 3417 671 3478 tandem
693 3416 838 3480 contrariu

40 3491 191 3560 directione
210 3493 245 3560 ad
266 3513 430 3578 magnetem
455 3491 594 3572 sricerur3
622 3497 650 3557 in
673 3497 837 3579 bisantem

446 3578 468 3640 B
507 3599 526 3652 ,ς
596 3629 604 3648 .
729 3578 800 3640 casi-
