2152 4078
226 236 263 292 eo
513 205 667 280 firmenta
737 253 742 260 -

188 291 286 360 dicum
308 291 434 358 colorem
458 291 570 370 induit,
591 314 626 356 ac
651 308 807 356 tremorem
827 289 960 368 concipit
984 339 996 370 ‚

187 371 325 440 indrciunr
346 373 481 448 proximu
501 371 691 451 explosionis,
712 369 748 434 ad
770 372 854 449 cujus
874 373 999 437 evitem.

187 452 238 520 dos
259 453 330 520 idus
351 449 475 517 fossores
495 467 718 530 prosternuntur
737 451 773 516 ad
794 469 918 517 terram.

231 545 299 610 855·
328 537 470 598 Caussarn
491 553 576 610 porro
597 532 668 609 ignis
690 531 870 620 subterranei
890 532 993 610 plures

187 615 301 690 Phy-siei
324 629 464 691 putarunt
484 633 549 678 esse
569 609 763 678 vastissimum
773 611 917 688 quendam
930 635 994 676 ma-

188 697 270 758 teriae
300 691 499 759 inflammatas,
522 691 637 769 globum
658 693 764 769 jugiter
784 689 937 758 ardentem
959 695 992 756 in

187 772 423 839 intimo-telluris
447 790 549 838 centro
569 771 661 836 veiuti
690 774 718 838 in
749 775 860 852 propria
888 773 958 848 sede
982 823 993 852 ,

186 857 249 918 sive
271 854 316 918 hic
338 853 410 930 ignis
425 857 470 918 sit
491 853 670 930 communis,
698 851 903 931 devulgans,
924 856 991 918 sive

189 955 296 1012 purus,
323 930 357 998 dt
387 933 589 999 elementaris:
620 950 770 1012 propterea
793 939 868 998 hunc
888 937 989 1011 ignem

187 1029 330 1080 voc-arunt
352 1013 533 1078 neutralem:
563 1033 687 1089 eumque
708 1015 736 1078 iu
758 1012 878 1090 formam
901 1009 990 1078 sstm-

187 1117 244 1160 mre
264 1091 448 1158 luculentum
468 1095 583 1158 censuit
604 1093 785 1164 Kircberus.
818 1099 861 1158 At
884 1097 989 1172 ignem

190 1195 394 1252 quemcunque
414 1178 442 1238 in
466 1193 552 1238 tetrae
571 1190 693 1251 centro,
723 1175 770 1240 ubi
792 1174 837 1238 vel
859 1175 957 1240 nullus
981 1225 991 1254 ‚

188 1254 233 1320 vei
255 1271 336 1318 certe
356 1255 509 1320 conclusus
532 1254 673 1330 reperitur
693 1275 770 1334 aer,
800 1255 899 1320 virere
928 1277 990 1318 non

185 1331 274 1404 facile
294 1333 417 1413 credam,
442 1335 581 1410 praecipue
602 1355 668 1396 cum
691 1333 768 1398 nulla
788 1335 827 1400 sit
847 1335 989 1401 centralis·

187 1415 259 1491 ignis
283 1415 439 1478 necessitas
463 1413 497 1476 ad
518 1435 648 1478 caussam
667 1407 789 1480 dandam
809 1415 989 1482 colorissub·

188 1495 311 1560 terranei
334 1513 344 1572 ,·
372 1493 511 1570 siquidem
540 1511 643 1558 extant
665 1495 694 1557 iu
718 1513 803 1577 terrae
823 1498 990 1576 regionibus

185 1574 296 1636 intimis
318 1575 450 1640 materiae
473 1573 568 1650 piures
588 1574 761 1656 sulphurea,
781 1598 899 1654 quarum
921 1600 990 1642 suc·

185 1656 213 1717 ci
234 1654 359 1718 invicem
380 1655 531 1736 commixti
559 1651 757 1720 effervescunt
781 1687 789 1734 3
820 1655 852 1721 dt
880 1658 990 1732 incale-

185 1751 291 1813 scunt3
312 1735 419 1799 adsunt
442 1734 595 1814 bitumina,
615 1757 681 1813 quae
700 1759 736 1804 en
759 1735 819 1802 sola
840 1739 987 1806 numedia-

156 1843 158 1853 Α
188 1815 270 1878 tione
292 1815 416 1880 calorem
438 1817 624 1896 concipiunt,
653 1819 697 1880 uti
720 1817 849 1882 videmus
869 1824 987 1886 contin-

187 1915 258 1972 gere
276 1895 305 1957 in
326 1896 424 1974 calce,
444 1918 512 1962 cunr
534 1918 617 1974 aquas
638 1898 837 1976 immergitur.
860 1901 935 1978 Ignis
956 1923 988 1964 e·
1054 1951 1057 1956 .

149 2037 150 2040 ,
184 1977 256 2038 tiam
280 1975 438 2054 tiedricus,
458 1979 507 2054 qui
528 1997 577 2054 per
595 1999 714 2054 corpora
735 1979 986 2046 subterraneacir·

183 2056 265 2134 cuit,
288 2060 452 2134 aptissimus
473 2058 571 2122 estad
592 2057 738 2137 sulphura,
761 2059 888 2139 aliasque
908 2061 986 2126 bitu·
1042 2060 1048 2068 '

184 2136 310 2200 minosas
331 2141 467 2204 materias
487 2139 705 2220 accendendas3
725 2143 917 2206 hicauremin
931 2165 987 2206 suo

99 2224 103 2229 '
182 2217 305 2279 circuitu
327 2241 343 2282 a
367 2221 513 2282 ruderibus
535 2219 689 2298 impeditus
719 2222 748 2284 in
779 2243 882 2300 magna
902 2224 986 2304 copia

185 2297 387 2360 accumulatur
407 2300 436 2362 in
457 2298 562 2364 dirutis
582 2299 740 2380 specubus,
764 2302 839 2366 unde
861 2299 896 2366 ad
918 2309 1008 2367 cani

183 2375 257 2440 deiae
277 2381 460 2452 praesentiam
481 2377 651 2458 disploditur
673 2401 683 2456 ,·
721 2381 868 2456 magisque
900 2405 986 2448 accu-

164 2455 311 2520 'mulatur
332 2455 442 2524 feriatis
464 2460 571 2538 diebus,
590 2459 694 2537 quibus
716 2479 732 2522 a
754 2460 869 2523 mineris
879 2458 986 2529 absunt

181 2533 304 2602 fossores
325 2589 334 2622 ,
365 2561 415 2619 per
435 2560 557 2618 quorum
575 2560 712 2616 corpora,
734 2535 767 2602 dc
787 2539 985 2610 instrumenta

181 2614 296 2683 facilius
317 2623 506 2686 transcurrit:
533 2622 592 2696 ipsa
624 2618 753 2684 fiammae
782 2619 913 2687 caudelae
935 2627 984 2690 ob·

133 2727 141 2740 ,
180 2698 319 2778 rangario,
344 2699 567 2766 &attenuatio
588 2722 686 2763 versus
707 2721 802 2765 aerem
823 2707 984 2780 percutien-

180 2794 270 2860 tem,
299 2781 372 2856 ignis
393 2779 518 2844 eledirici
543 2779 581 2842 ibi
602 2782 757 2851 existentis
779 2791 983 2862 argumentum

179 2875 238 2934 est,·
258 2856 354 2923 simile
373 2861 450 2924 enirn
471 2857 613 2938 quidpiam
635 2864 780 2940 contingit
801 2867 829 2926 in
853 2863 983 2930 candelae

180 2937 318 3016 flamma,
341 2961 408 3016 qua:
429 2937 570 3016 quadrato
591 2945 703 3026 magico
726 2943 983 3024 Frankiiuiaopro-

180 3020 330 3086 rimetur„
349 3023 402 3084 Est
425 3039 494 3099 ergo
516 3023 561 3086 hic
584 3045 670 3102 vapor
691 3021 848 3089 fulminans
868 3027 982 3093 subter-

126 3099 129 3106 ’
179 3120 283 3164 rancus
303 3099 506 3166 accumulatus
528 3103 600 3184 ignis
621 3103 787 3184 erenricus,
806 3108 889 3186 cujus
903 3105 981 3186 ,tuus

177 3181 294 3260 evirant
316 3175 438 3248 fossores
460 3181 624 3268 adlterram
644 3203 981 3266 seprosternentes,quo

178 3283 246 3338 casu
269 3283 325 3326 non
349 3281 432 3328 totus
455 3286 543 3344 vapor
564 3264 677 3332 iliorum
697 3288 815 3344 corpora
837 3267 980 3348 pervadim

177 3365 317 3428 comper
337 3343 472 3416 tedurem
493 3347 585 3413 etiam
605 3347 806 3420 diffundatur,

756 3567 780 3610 ⁵
849 3559 944 3657 rno-
