2152 4078
254 197 292 248 44
420 237 423 242 ,
533 170 686 238 Elementa
760 199 761 202 ¹
796 182 800 190 “

211 250 249 319 lae
269 266 413 329 occupent
429 243 492 334 {3-
513 271 624 330 partem
645 251 878 330 marinosque,
893 253 1022 341 xsitesal

211 333 246 398 eb
266 331 732 410 squaeevaporetionesuperste's,
753 333 791 396 sit
811 353 874 407 pars
897 347 1021 412 erpon-

210 411 286 476 deris
307 413 394 490 ipsius
414 437 519 493 aquae:
540 415 707 489 ipsaautem
727 433 800 488 aqua
820 431 982 492 evaporata
993 417 1019 482 si

209 491 379 572 colligatur,
399 499 494 559 minus
514 493 604 570 salsa,
625 491 672 556 vel
696 493 786 558 etiam
807 491 898 558 dulcis
920 492 1018 561 senti·

211 590 274 636 tor:
303 594 372 648 ergo
394 574 505 640 salsedo
524 575 697 636 marinarum
718 594 859 648 aquarum
879 573 977 642 oritur
1000 597 1035 642 a,

208 651 306 717 salinis
325 657 470 731 particulis
489 665 556 724 cum
578 674 655 729 equa
671 653 850 720 commixtis.
1042 656 1046 662 “

251 743 316 796 862.
337 733 482 802 Probatur
504 759 521 800 2
542 753 621 814 pars.
652 736 742 796 Extat
764 731 905 797 infundo
927 737 1016 802 maris

210 811 342 880 bitumen
366 835 372 874 τ
400 837 504 896 estque
524 813 705 892 aptissimum
735 813 770 876 ad
792 817 1014 882 amarulentiam

208 895 328 959 merinae
348 917 431 972 aquae
452 892 684 974 comparandam:
715 913 782 966 ergo
801 892 859 957 dcc.
882 898 1011 962 Primum

208 992 321 1038 certum
343 994 389 1040 est
410 977 580 1042 testimonio
598 989 719 1048 eorum,
739 975 788 1049 qui
808 971 929 1040 fundum
951 1000 1012 1042 mn-

209 1056 248 1118 ris
268 1058 393 1131 petiere.
425 1058 560 1122 Alterum
580 1054 785 1130 experimentis
803 1055 1012 1122 confirmarunt

209 1135 356 1215 Boyleus,
377 1135 410 1202 dt
430 1136 584 1214 Marsigli,
604 1134 653 1210 qui
674 1151 837 1210 postremus
861 1159 893 1211 13
917 1139 1012 1204 unciis

208 1211 242 1279 dt
260 1215 371 1280 duobus
398 1217 540 1294 scrupulis
569 1235 652 1291 aquae
674 1213 772 1288 ¹dulcis
805 1216 962 1283 immiscuit
993 1232 1011 1284 ⁶

211 1297 353 1372 scrupuli
369 1299 471 1360 marini
493 1295 588 1371 selis,
614 1291 646 1356 dt
668 1303 703 1365 48
726 1314 813 1369 grana
833 1297 1010 1374 spiritusex

201 1375 333 1455 ¹carbone·
353 1371 462 1453 fossili,
483 1375 668 1448 advertitque
687 1393 791 1449 aquam
811 1376 1012 1445 evadere-sal·

209 1475 294 1532 sem,
311 1453 345 1518 ac'
364 1455 575 1522 amarulentam
596 1453 630 1518 ad
653 1455 880 1536 instar-marine
901 1479 1006 1536 aquae.

208 1535 306 1598 Simile
325 1535 469 1611 quidpiam
490 1533 590 1602 effecit
615 1537 918 1602 Musschembroebius
940 1561 1009 1604 cum

207 1614 310 1690 spiritu
331 1612 481 1680 destillare
500 1637 536 1682 ex
560 1615 827 1680 lithanthracibus.
858 1621 911 1682 Est
940 1641 1010 1697 ergo

49 1694 51 1702 ’
126 1699 130 1706 ’
205 1693 396 1790 amarulentis
424 1697 544 1762 marinae
566 1715 656 1775 aquae
677 1718 693 1760 a
714 1696 859 1774 particulis
890 1701 1010 1764 bitumi-

105 1797 111 1812 ·
206 1796 300 1839 nosrs.
358 1791 361 1800 ’
920 1790 922 1798 “

249 1861 317 1934 8⁶3.
335 1857 430 1924 Corol.
450 1861 539 1928 Patet
558 1881 636 1928 error
656 1855 844 1935 Aristotelis,
864 1857 1010 1935 quimaris

208 1934 378 2005 salsedinem
399 1962 434 2004 ex
456 1941 705 2015 retrahentibus,
726 1937 759 2004 dt
780 1936 1009 2006 exhalationibus

207 2016 277 2110 solis
298 2019 393 2086 calore
411 2023 441 2085 in
460 2043 556 2090 aerem
576 2023 718 2098 elevatis,
739 2041 773 2084 ac
793 2040 849 2084 una
869 2021 1007 2099 cumplu-

207 2098 261 2162 viis
281 2103 363 2180 aquis
384 2103 413 2166 in
433 2121 512 2170 mare
533 2102 730 2170 decidentibus
751 2101 910 2164 derivavit.
931 2107 1007 2166 Item

124 2197 126 2206 “
198 2172 343 2265 *salsitatis
362 2187 494 2260 arguitur
514 2205 613 2249 eorum
625 2183 882 2260 Peripateticorum
893 2184 1007 2260 opinio,

203 2260 252 2332 uui
273 2282 316 2326 ox·
330 2264 397 2326 solis
417 2264 570 2330 adustione
590 2284 694 2339 apuam
716 2263 799 2326 maris
819 2262 921 2328 salstm
946 2260 1007 2327 fieri

206 2357 363 2414 putarunt.
386 2349 462 2411 Nam
484 2365 590 2425 praerer
611 2363 677 2406 mox
701 2339 800 2417 diua,
831 2343 861 2404 in
884 2359 1006 2420 utraque

194 2422 349 2486 sententie
369 2443 454 2501 aeque
477 2427 586 2500 salse,
617 2441 651 2486 ac
671 2439 778 2484 amsrae
800 2413 898 2484 forent
921 2441 1006 2500 aquae

206 2495 322 2565 lacuum
344 2507 489 2584 omnium,
513 2525 547 2566 ac
569 2502 740 2566 fluminum.
868 2551 871 2566 .
988 2523 991 2538 ·

246 2590 312 2656 864.
330 2631 353 2660 ,‚
372 2584 504 2648 Scholion
526 2588 548 2648 1.
571 2586 614 2645 Ex
635 2597 750 2644 statuta
770 2581 917 2644 communi
939 2603 1001 2646 om-

202 2659 282 2724 nium
303 2663 462 2736 recentium
485 2664 668 2737 Physicorum
689 2661 838 2725 sententia
859 2664 1004 2727 circama-

202 2741 241 2804 ris
262 2741 443 2817 salsedinem,
455 2803 456 2808 ,
469 2741 502 2806 dt
523 2741 747 2806 amaritudinem
765 2742 1005 2823 quaestiooritur3

202 2841 271 2882 num
292 2824 338 2884 hae
358 2819 442 2900 salis,
462 2841 495 2888 ac
504 2821 654 2887 bituminis
675 2821 825 2899 particule
846 2822 923 2886 unde
943 2829 1004 2888 ma·

200 2899 327 2962 cinerum
346 2919 482 2976 aquarum
503 2901 639 2981 salsedo,
659 2901 693 2968 dt
713 2901 903 2968 amarulentis
926 2923 1003 2980 pen*

199 2977 293 3057 dent,
327 2975 437 3044 fuerint
467 2983 551 3046 initio
572 2984 670 3048 mundi
699 3001 872 3062 asupremo
891 2983 1004 3060 opifice

200 3059 317 3124 marinis
337 3062 612 3140 aquiscomtnixtae,
636 3063 741 3130 adeout
763 3055 851 3127 Mare
871 3063 1003 3129 eamdem

196 3141 356 3204 creationis
384 3159 534 3210 momento
554 3145 751 3222 salsedinem,
781 3163 816 3208 ac
843 3143 1003 3216 ampurien-

201 3221 273 3290 tiam
294 3220 444 3301 habuerit,
464 3245 520 3300 qua
540 3223 625 3289 rnodo
646 3221 816 3290 instrullum
837 3242 898 3296 eat.
921 3228 1002 3289 Num

195 3319 272 3366 sero
295 3304 381 3366 maris
400 3323 475 3382 aqua
504 3301 596 3370 fuerit
619 3307 704 3370 initio
723 3303 834 3386 dulcis,
858 3325 893 3367 ac
914 3321 1001 3380 pota-

199 3381 282 3463 bilis,
312 3381 404 3452 donec
425 3383 656 3462 praeterlambens
677 3386 770 3462 salis,
796 3403 831 3446 ac
852 3384 1002 3456 bituminis

201 3464 323 3528 mineras
342 3465 372 3530 in
392 3469 455 3546 ejus
472 3467 539 3531 sinu
560 3468 737 3545 existentes,
766 3463 877 3544 salem,
905 3485 939 3528 ae
960 3465 1002 3529 bi-

914 3562 968 3610 tu··
